
<record xmlns:xs="http://www.w3.org/2001/XMLSchema">
         <leader>     caa a22     u  4500</leader>
         <controlfield tag="001">074813935</controlfield>
         <controlfield tag="003">CHVBK</controlfield>
         <controlfield tag="005">20161001223616.0</controlfield>
         <controlfield tag="008">920629s1989    gw |||||||||| 00   |ger d</controlfield>
         <datafield tag="035" ind1=" " ind2=" ">
            <subfield code="a">(OCoLC)882549942</subfield>
         </datafield>
         <datafield tag="035" ind1=" " ind2=" ">
            <subfield code="a">(IDSBB)000820981</subfield>
         </datafield>
         <datafield tag="040" ind1=" " ind2=" ">
            <subfield code="a">SzZuIDS BS/BE B465</subfield>
            <subfield code="b">ger</subfield>
            <subfield code="e">kids</subfield>
         </datafield>
         <datafield tag="100" ind1="1" ind2=" ">
            <subfield code="a">Eiermann</subfield>
            <subfield code="D">Rudolf</subfield>
         </datafield>
         <datafield tag="245" ind1="1" ind2="4">
            <subfield code="a">Ein öffentliches Unternehmen zwischen Markt und Staat</subfield>
            <subfield code="b">die Unternehmensverfassung der Deutschen Bundesbahn</subfield>
            <subfield code="c">von Rudolf Eiermann</subfield>
         </datafield>
         <datafield tag="336" ind1=" " ind2=" ">
            <subfield code="a">Text</subfield>
            <subfield code="b">txt</subfield>
            <subfield code="2">rdacontent/ger</subfield>
         </datafield>
         <datafield tag="337" ind1=" " ind2=" ">
            <subfield code="a">ohne Hilfsmittel zu benutzen</subfield>
            <subfield code="b">n</subfield>
            <subfield code="2">rdamedia/ger</subfield>
         </datafield>
         <datafield tag="338" ind1=" " ind2=" ">
            <subfield code="a">Band</subfield>
            <subfield code="b">nc</subfield>
            <subfield code="2">rdacarrier/ger</subfield>
         </datafield>
         <datafield tag="691" ind1=" " ind2="7">
            <subfield code="B">u</subfield>
            <subfield code="u">Q 1.9.7</subfield>
            <subfield code="2">idsbb GD</subfield>
         </datafield>
         <datafield tag="691" ind1=" " ind2="7">
            <subfield code="B">u</subfield>
            <subfield code="u">WD 3.4</subfield>
            <subfield code="2">idsbb GD</subfield>
         </datafield>
         <datafield tag="691" ind1=" " ind2="7">
            <subfield code="u">15.1</subfield>
            <subfield code="2">ids dr-sys</subfield>
         </datafield>
         <datafield tag="773" ind1="0" ind2="U">
            <subfield code="t">Unternehmensverfassung in der privaten und öffentlichen Wirtschaft : Festschrift für Erich Potthoff zur Vollendung des 75. Lebensjahres</subfield>
            <subfield code="d">Baden-Baden : Nomos Verlagsges., 1989</subfield>
            <subfield code="g">S. 204-212</subfield>
            <subfield code="j">204-212</subfield>
            <subfield code="w">(IDSBB)000511269</subfield>
            <subfield code="9">273769014</subfield>
         </datafield>
         <datafield tag="950" ind1=" " ind2=" ">
            <subfield code="B">IDSBB</subfield>
            <subfield code="P">100</subfield>
            <subfield code="E">1-</subfield>
            <subfield code="a">Eiermann</subfield>
            <subfield code="D">Rudolf</subfield>
         </datafield>
         <datafield tag="950" ind1=" " ind2=" ">
            <subfield code="B">IDSBB</subfield>
            <subfield code="P">773</subfield>
            <subfield code="E">0U</subfield>
            <subfield code="t">Unternehmensverfassung in der privaten und öffentlichen Wirtschaft : Festschrift für Erich Potthoff zur Vollendung des 75. Lebensjahres</subfield>
            <subfield code="d">Baden-Baden : Nomos Verlagsges., 1989</subfield>
            <subfield code="g">S. 204-212</subfield>
            <subfield code="j">204-212</subfield>
            <subfield code="w">(IDSBB)000511269</subfield>
            <subfield code="9">273769014</subfield>
         </datafield>
         <datafield tag="986" ind1=" " ind2=" ">
            <subfield code="a">SWISSBIB</subfield>
            <subfield code="b">074813935</subfield>
         </datafield>
         <datafield tag="898" ind1=" " ind2=" ">
            <subfield code="a">BK010000</subfield>
            <subfield code="b">XK010000</subfield>
            <subfield code="c">XK010000</subfield>
         </datafield>
         <datafield tag="949" ind1=" " ind2=" ">
            <subfield code="B">IDSBB</subfield>
            <subfield code="F">B465</subfield>
            <subfield code="c">FH</subfield>
            <subfield code="j">JBB 4.500/ 599</subfield>
            <subfield code="x">Akz: be/ujb-/u</subfield>
         </datafield>
      <datafield tag="949" ind1=" " ind2=" "><subfield code="B">IDSSG</subfield><subfield code="F">HIFF</subfield><subfield code="c">BIB</subfield><subfield code="j">-</subfield></datafield></record>