
<record xmlns:xs="http://www.w3.org/2001/XMLSchema">
         <leader>     cam a22     2  4500</leader>
         <controlfield tag="001">311008542</controlfield>
         <controlfield tag="003">CHVBK</controlfield>
         <controlfield tag="005">20171120162226.0</controlfield>
         <controlfield tag="008">140205s1986    xxu      b|||s001 0 eng| </controlfield>
         <datafield tag="010" ind1=" " ind2=" ">
            <subfield code="a">   85020856 </subfield>
         </datafield>
         <datafield tag="015" ind1=" " ind2=" ">
            <subfield code="a">GB87-45210</subfield>
            <subfield code="2">bnb</subfield>
         </datafield>
         <datafield tag="020" ind1=" " ind2=" ">
            <subfield code="a">0-520-05686-8 (alk. paper)</subfield>
         </datafield>
         <datafield tag="020" ind1=" " ind2=" ">
            <subfield code="a">978-0-520-05686-2 (alk. paper)</subfield>
         </datafield>
         <datafield tag="035" ind1=" " ind2=" ">
            <subfield code="a">(NEBIS)003037718</subfield>
         </datafield>
         <datafield tag="035" ind1=" " ind2=" ">
            <subfield code="a">(IDSSG)000337210</subfield>
         </datafield>
         <datafield tag="035" ind1=" " ind2=" ">
            <subfield code="a">(OCoLC)12557201</subfield>
            <subfield code="z">(OCoLC)16832556</subfield>
            <subfield code="z">(OCoLC)59162134</subfield>
         </datafield>
         <datafield tag="040" ind1=" " ind2=" ">
            <subfield code="a">DLC</subfield>
            <subfield code="d">SzZuIDS NEBIS ZBZ</subfield>
         </datafield>
         <datafield tag="050" ind1=" " ind2=" ">
            <subfield code="a">HD5724</subfield>
            <subfield code="b">.D775 1986</subfield>
         </datafield>
         <datafield tag="082" ind1="0" ind2=" ">
            <subfield code="a">331.13/7973</subfield>
            <subfield code="2">19</subfield>
         </datafield>
         <datafield tag="084" ind1=" " ind2=" ">
            <subfield code="a">83.61</subfield>
            <subfield code="2">bcl</subfield>
         </datafield>
         <datafield tag="084" ind1=" " ind2=" ">
            <subfield code="a">83.33</subfield>
            <subfield code="2">bcl</subfield>
         </datafield>
         <datafield tag="100" ind1="1" ind2=" ">
            <subfield code="a">Dumas</subfield>
            <subfield code="D">Lloyd J.</subfield>
         </datafield>
         <datafield tag="245" ind1="1" ind2="4">
            <subfield code="a">The overburdened economy</subfield>
            <subfield code="b">uncovering the causes of chronic unemployment, inflation, and national decline</subfield>
            <subfield code="c">Lloyd J. Dumas</subfield>
         </datafield>
         <datafield tag="260" ind1=" " ind2=" ">
            <subfield code="a">Berkeley</subfield>
            <subfield code="b">University of California Press</subfield>
            <subfield code="c">cop. 1986</subfield>
         </datafield>
         <datafield tag="300" ind1=" " ind2=" ">
            <subfield code="a">297 S</subfield>
         </datafield>
         <datafield tag="504" ind1=" " ind2=" ">
            <subfield code="a">Bibliography: p. 273-287</subfield>
         </datafield>
         <datafield tag="504" ind1=" " ind2=" ">
            <subfield code="a">Includes index</subfield>
         </datafield>
         <datafield tag="648" ind1=" " ind2="7">
            <subfield code="a">Geschichte 1970-1985</subfield>
            <subfield code="2">gnd</subfield>
         </datafield>
         <datafield tag="650" ind1=" " ind2="0">
            <subfield code="a">Unemployment</subfield>
            <subfield code="z">United States</subfield>
         </datafield>
         <datafield tag="650" ind1=" " ind2="0">
            <subfield code="a">Underemployment</subfield>
            <subfield code="z">United States</subfield>
         </datafield>
         <datafield tag="650" ind1=" " ind2="0">
            <subfield code="a">Poor</subfield>
            <subfield code="z">United States</subfield>
         </datafield>
         <datafield tag="650" ind1=" " ind2="6">
            <subfield code="a">Chômage</subfield>
            <subfield code="z">États-Unis</subfield>
         </datafield>
         <datafield tag="650" ind1=" " ind2="6">
            <subfield code="a">Sous-emploi</subfield>
            <subfield code="z">États-Unis</subfield>
         </datafield>
         <datafield tag="650" ind1=" " ind2="6">
            <subfield code="a">Pauvres</subfield>
            <subfield code="z">États-Unis</subfield>
         </datafield>
         <datafield tag="650" ind1=" " ind2="7">
            <subfield code="a">Sous-emploi</subfield>
            <subfield code="z">Etats-Unis</subfield>
            <subfield code="2">ram</subfield>
         </datafield>
         <datafield tag="650" ind1=" " ind2="7">
            <subfield code="a">Pauvreté</subfield>
            <subfield code="z">Etats-Unis</subfield>
            <subfield code="2">ram</subfield>
         </datafield>
         <datafield tag="650" ind1=" " ind2="7">
            <subfield code="a">Chômage</subfield>
            <subfield code="z">Etats-Unis</subfield>
            <subfield code="2">ram</subfield>
         </datafield>
         <datafield tag="650" ind1=" " ind2="7">
            <subfield code="a">Arbeitslosigkeit</subfield>
            <subfield code="0">(DE-588)4002730-2</subfield>
            <subfield code="2">gnd</subfield>
         </datafield>
         <datafield tag="650" ind1=" " ind2="7">
            <subfield code="a">Wirtschaft</subfield>
            <subfield code="0">(DE-588)4066399-1</subfield>
            <subfield code="2">gnd</subfield>
         </datafield>
         <datafield tag="650" ind1=" " ind2="7">
            <subfield code="a">Wirtschaftsentwicklung</subfield>
            <subfield code="0">(DE-588)4066438-7</subfield>
            <subfield code="2">gnd</subfield>
         </datafield>
         <datafield tag="650" ind1=" " ind2="7">
            <subfield code="a">Wirtschaftskrise</subfield>
            <subfield code="0">(DE-588)4066466-1</subfield>
            <subfield code="2">gnd</subfield>
         </datafield>
         <datafield tag="650" ind1=" " ind2="7">
            <subfield code="a">Finanzwirtschaft</subfield>
            <subfield code="0">(DE-588)4017214-4</subfield>
            <subfield code="2">gnd</subfield>
         </datafield>
         <datafield tag="650" ind1=" " ind2="7">
            <subfield code="a">Verwaltung</subfield>
            <subfield code="0">(DE-588)4063317-2</subfield>
            <subfield code="2">gnd</subfield>
         </datafield>
         <datafield tag="651" ind1=" " ind2="0">
            <subfield code="a">United States</subfield>
            <subfield code="x">Economic conditions</subfield>
            <subfield code="y">1981-2001</subfield>
         </datafield>
         <datafield tag="651" ind1=" " ind2="6">
            <subfield code="a">États-Unis</subfield>
            <subfield code="x">Conditions économiques</subfield>
            <subfield code="y">1981-2001</subfield>
         </datafield>
         <datafield tag="651" ind1=" " ind2="7">
            <subfield code="a">Etats-Unis</subfield>
            <subfield code="x">Conditions économiques</subfield>
            <subfield code="y">1981-</subfield>
            <subfield code="2">ram</subfield>
         </datafield>
         <datafield tag="651" ind1=" " ind2="7">
            <subfield code="a">USA</subfield>
            <subfield code="0">(DE-588)4078704-7</subfield>
            <subfield code="2">gnd</subfield>
         </datafield>
         <datafield tag="651" ind1=" " ind2="0">
            <subfield code="a">United States</subfield>
            <subfield code="x">Economic conditions</subfield>
            <subfield code="y">1971-</subfield>
         </datafield>
         <datafield tag="651" ind1=" " ind2="0">
            <subfield code="a">United States</subfield>
            <subfield code="x">Economic conditions</subfield>
            <subfield code="y">1981-</subfield>
         </datafield>
         <datafield tag="690" ind1=" " ind2="7">
            <subfield code="B">u</subfield>
            <subfield code="a">Arbeitslosigkeit / Einzelne Gebiete und Orte / Amerika / USA</subfield>
            <subfield code="2">idszbz Z9</subfield>
         </datafield>
         <datafield tag="690" ind1=" " ind2="7">
            <subfield code="B">u</subfield>
            <subfield code="a">USA / Wirtschaft / 1985- ersch</subfield>
            <subfield code="2">idszbz Z9</subfield>
         </datafield>
         <datafield tag="690" ind1=" " ind2="7">
            <subfield code="B">u</subfield>
            <subfield code="a">Inflation / Einzelne Gebiete und Orte / Amerika / Lateinamerika / USA</subfield>
            <subfield code="2">idszbz Z9</subfield>
         </datafield>
         <datafield tag="909" ind1=" " ind2="7">
            <subfield code="a">MedeaZBZ</subfield>
            <subfield code="2">idszbz ZR</subfield>
         </datafield>
         <datafield tag="950" ind1=" " ind2=" ">
            <subfield code="B">NEBIS</subfield>
            <subfield code="P">100</subfield>
            <subfield code="E">1-</subfield>
            <subfield code="a">Dumas</subfield>
            <subfield code="D">Lloyd J.</subfield>
         </datafield>
         <datafield tag="950" ind1=" " ind2=" ">
            <subfield code="B">IDSSG</subfield>
            <subfield code="P">100</subfield>
            <subfield code="E">1-</subfield>
            <subfield code="a">Dumas</subfield>
            <subfield code="D">Lloyd J.</subfield>
         </datafield>
         <datafield tag="898" ind1=" " ind2=" ">
            <subfield code="a">BK020000</subfield>
            <subfield code="b">XK020000</subfield>
            <subfield code="c">XK020000</subfield>
         </datafield>
         <datafield tag="949" ind1=" " ind2=" ">
            <subfield code="B">NEBIS</subfield>
            <subfield code="F">Z01</subfield>
            <subfield code="c">03</subfield>
            <subfield code="j">GD 4701</subfield>
         </datafield>
         <datafield tag="949" ind1=" " ind2=" ">
            <subfield code="B">IDSSG</subfield>
            <subfield code="F">HSG</subfield>
            <subfield code="c">BURON</subfield>
            <subfield code="j">+Vwl G 5820</subfield>
         </datafield>
      <datafield tag="949" ind1=" " ind2=" "><subfield code="B">IDSSG</subfield><subfield code="F">HIFF</subfield><subfield code="c">BIB</subfield><subfield code="j">AK 1153</subfield></datafield></record>