
<record xmlns:xs="http://www.w3.org/2001/XMLSchema">
         <leader>     cam a22     u  4500</leader>
         <controlfield tag="001">300583680</controlfield>
         <controlfield tag="003">CHVBK</controlfield>
         <controlfield tag="005">20181117143527.0</controlfield>
         <controlfield tag="008">131021s1979    ne |||||||||| 00   |eng d</controlfield>
         <datafield tag="020" ind1=" " ind2=" ">
            <subfield code="a">90-312-0108-1</subfield>
         </datafield>
         <datafield tag="035" ind1=" " ind2=" ">
            <subfield code="a">(IDSBB)000369515</subfield>
         </datafield>
         <datafield tag="035" ind1=" " ind2=" ">
            <subfield code="a">(SNL)991006926759703976</subfield>
         </datafield>
         <datafield tag="035" ind1=" " ind2=" ">
            <subfield code="a">(RERO)(OCoLC)ocl05727078</subfield>
         </datafield>
         <datafield tag="035" ind1=" " ind2=" ">
            <subfield code="a">(Sz)190289-41snl_51</subfield>
         </datafield>
         <datafield tag="035" ind1=" " ind2=" ">
            <subfield code="a">(Sz)vtls000190289</subfield>
         </datafield>
         <datafield tag="035" ind1=" " ind2=" ">
            <subfield code="a">(Sz)000190289</subfield>
         </datafield>
         <datafield tag="040" ind1=" " ind2=" ">
            <subfield code="a">SzZuIDS BS/BE A208</subfield>
            <subfield code="b">ger</subfield>
            <subfield code="e">kids</subfield>
         </datafield>
         <datafield tag="050" ind1=" " ind2="0">
            <subfield code="a">HD6657</subfield>
            <subfield code="b">.B56</subfield>
         </datafield>
         <datafield tag="072" ind1=" " ind2="7">
            <subfield code="a">s1se</subfield>
            <subfield code="2">rero</subfield>
         </datafield>
         <datafield tag="082" ind1="0" ind2=" ">
            <subfield code="a">658.3154</subfield>
            <subfield code="2">19</subfield>
         </datafield>
         <datafield tag="084" ind1=" " ind2=" ">
            <subfield code="a">QV 500</subfield>
            <subfield code="2">rvk</subfield>
         </datafield>
         <datafield tag="100" ind1="1" ind2=" ">
            <subfield code="a">Blanpain</subfield>
            <subfield code="D">Roger</subfield>
            <subfield code="d">1932-2016</subfield>
            <subfield code="0">(DE-588)121127230</subfield>
         </datafield>
         <datafield tag="245" ind1="1" ind2="4">
            <subfield code="a">The OECD guidelines for multinational enterprises and labour relations 1976-1979</subfield>
            <subfield code="b">experience and review</subfield>
            <subfield code="c">by R. Blanpain ; the original English text has been rewritten by Michael Jones ; foreword by Mark Eyskens</subfield>
         </datafield>
         <datafield tag="264" ind1=" " ind2="1">
            <subfield code="a">Deventer [etc.]</subfield>
            <subfield code="b">Kluwer</subfield>
            <subfield code="c">1979</subfield>
         </datafield>
         <datafield tag="300" ind1=" " ind2=" ">
            <subfield code="a">309 S</subfield>
            <subfield code="c">25 cm</subfield>
         </datafield>
         <datafield tag="504" ind1=" " ind2=" ">
            <subfield code="a">Includes bibliographical references and index</subfield>
         </datafield>
         <datafield tag="583" ind1=" " ind2=" ">
            <subfield code="8">1900138242</subfield>
            <subfield code="a">dea</subfield>
            <subfield code="i">ps</subfield>
            <subfield code="c">NB072-2000</subfield>
            <subfield code="l">nt</subfield>
         </datafield>
         <datafield tag="610" ind1="2" ind2="7">
            <subfield code="a">OECD</subfield>
            <subfield code="0">(DE-588)5157-3</subfield>
            <subfield code="2">gnd</subfield>
         </datafield>
         <datafield tag="610" ind1="2" ind2="0">
            <subfield code="a">Organisation for Economic Co-operation and Development</subfield>
         </datafield>
         <datafield tag="648" ind1=" " ind2="7">
            <subfield code="a">Geschichte 1982-1984</subfield>
            <subfield code="2">gnd</subfield>
         </datafield>
         <datafield tag="650" ind1=" " ind2="7">
            <subfield code="a">Sozialpartnerschaft</subfield>
            <subfield code="0">(DE-588)4270137-5</subfield>
            <subfield code="2">gnd</subfield>
         </datafield>
         <datafield tag="650" ind1=" " ind2="7">
            <subfield code="a">Multinationales Unternehmen</subfield>
            <subfield code="0">(DE-588)4075092-9</subfield>
            <subfield code="2">gnd</subfield>
         </datafield>
         <datafield tag="650" ind1=" " ind2="7">
            <subfield code="a">Arbeitsbeziehungen</subfield>
            <subfield code="0">(DE-588)4002617-6</subfield>
            <subfield code="2">gnd</subfield>
         </datafield>
         <datafield tag="650" ind1=" " ind2="7">
            <subfield code="a">Tarifverhandlung</subfield>
            <subfield code="0">(DE-588)4184470-1</subfield>
            <subfield code="2">gnd</subfield>
         </datafield>
         <datafield tag="650" ind1=" " ind2="0">
            <subfield code="a">Collective bargaining</subfield>
            <subfield code="x">International business enterprises</subfield>
         </datafield>
         <datafield tag="650" ind1=" " ind2="0">
            <subfield code="a">Labor policy</subfield>
            <subfield code="z">Europe</subfield>
         </datafield>
         <datafield tag="650" ind1=" " ind2="0">
            <subfield code="a">Labor policy (US-DLC)</subfield>
         </datafield>
         <datafield tag="650" ind1=" " ind2="0">
            <subfield code="a">Collective bargaining</subfield>
            <subfield code="x">International business enterprises</subfield>
            <subfield code="z">Europe</subfield>
         </datafield>
         <datafield tag="650" ind1="2" ind2="0">
            <subfield code="a">Organisation for Economic Co-operation and Development</subfield>
         </datafield>
         <datafield tag="650" ind1=" " ind2="7">
            <subfield code="a">entreprise multinationale</subfield>
            <subfield code="2">rerovoc</subfield>
         </datafield>
         <datafield tag="650" ind1=" " ind2="7">
            <subfield code="a">Syndicalisme</subfield>
            <subfield code="2">rero</subfield>
         </datafield>
         <datafield tag="650" ind1=" " ind2="7">
            <subfield code="a">Droit international</subfield>
            <subfield code="2">rero</subfield>
         </datafield>
         <datafield tag="691" ind1=" " ind2="7">
            <subfield code="2">rero dr-sys</subfield>
            <subfield code="u">D 26 h</subfield>
         </datafield>
         <datafield tag="691" ind1=" " ind2="7">
            <subfield code="2">rero dr-sys</subfield>
            <subfield code="u">D 34 h</subfield>
         </datafield>
         <datafield tag="700" ind1="1" ind2=" ">
            <subfield code="a">Jones</subfield>
            <subfield code="D">Michael</subfield>
         </datafield>
         <datafield tag="912" ind1=" " ind2="7">
            <subfield code="a">rl</subfield>
            <subfield code="2">SzZuIDS BS/BE</subfield>
         </datafield>
         <datafield tag="950" ind1=" " ind2=" ">
            <subfield code="B">IDSBB</subfield>
            <subfield code="P">100</subfield>
            <subfield code="E">1-</subfield>
            <subfield code="a">Blanpain</subfield>
            <subfield code="D">Roger</subfield>
            <subfield code="d">1932-2016</subfield>
            <subfield code="0">(DE-588)121127230</subfield>
         </datafield>
         <datafield tag="950" ind1=" " ind2=" ">
            <subfield code="B">IDSBB</subfield>
            <subfield code="P">700</subfield>
            <subfield code="E">1-</subfield>
            <subfield code="a">Jones</subfield>
            <subfield code="D">Michael</subfield>
         </datafield>
         <datafield tag="950" ind1=" " ind2=" ">
            <subfield code="B">SNL</subfield>
            <subfield code="P">100</subfield>
            <subfield code="E">1-</subfield>
            <subfield code="a">Blanpain</subfield>
            <subfield code="D">Roger</subfield>
            <subfield code="d">1932-2016</subfield>
            <subfield code="0">(DE-588)121127230</subfield>
         </datafield>
         <datafield tag="950" ind1=" " ind2=" ">
            <subfield code="B">SNL</subfield>
            <subfield code="P">700</subfield>
            <subfield code="E">1-</subfield>
            <subfield code="a">Eyskens</subfield>
            <subfield code="D">Mark</subfield>
         </datafield>
         <datafield tag="950" ind1=" " ind2=" ">
            <subfield code="B">RERO</subfield>
            <subfield code="P">100</subfield>
            <subfield code="E">1-</subfield>
            <subfield code="a">Blanpain</subfield>
            <subfield code="D">R.</subfield>
            <subfield code="q">Roger</subfield>
            <subfield code="d">1932-2016</subfield>
         </datafield>
         <datafield tag="986" ind1=" " ind2=" ">
            <subfield code="a">SWISSBIB</subfield>
            <subfield code="b">094681147</subfield>
         </datafield>
         <datafield tag="986" ind1=" " ind2=" ">
            <subfield code="a">ORANGE</subfield>
            <subfield code="b">094681147</subfield>
         </datafield>
         <datafield tag="898" ind1=" " ind2=" ">
            <subfield code="a">BK020000</subfield>
            <subfield code="b">XK020000</subfield>
            <subfield code="c">XK020000</subfield>
         </datafield>
         <datafield tag="949" ind1=" " ind2=" ">
            <subfield code="B">SNL</subfield>
            <subfield code="F">NB001</subfield>
            <subfield code="j">NG 20745</subfield>
            <subfield code="c">NB10010</subfield>
         </datafield>
         <datafield tag="949" ind1=" " ind2=" ">
            <subfield code="B">RERO</subfield>
            <subfield code="F">RE01003</subfield>
            <subfield code="c">RE010030001</subfield>
            <subfield code="j">ISES S-3*220</subfield>
            <subfield code="z">$9 r/2000/0124</subfield>
         </datafield>
         <datafield tag="949" ind1=" " ind2=" ">
            <subfield code="B">RERO</subfield>
            <subfield code="F">RE61050</subfield>
            <subfield code="c">RE610500004</subfield>
            <subfield code="j">D 26 h BLAN 1979</subfield>
            <subfield code="s">BFDA 46418</subfield>
            <subfield code="z">Don du Prof. A. Berenstein</subfield>
         </datafield>
         <datafield tag="949" ind1=" " ind2=" ">
            <subfield code="B">IDSBB</subfield>
            <subfield code="F">A208</subfield>
            <subfield code="c">LS</subfield>
            <subfield code="j">JF L VII 234</subfield>
         </datafield>
         <datafield tag="949" ind1=" " ind2=" ">
            <subfield code="B">IDSBB</subfield>
            <subfield code="F">B400</subfield>
            <subfield code="c">400J3</subfield>
            <subfield code="j">BeM ZB Jus XXXII 5040</subfield>
            <subfield code="x">Akz: be/stub/k/80/10521</subfield>
         </datafield>
      <datafield tag="949" ind1=" " ind2=" "><subfield code="B">IDSSG</subfield><subfield code="F">HIFF</subfield><subfield code="c">BIB</subfield><subfield code="j">KA 322</subfield></datafield></record>