
<record xmlns:xs="http://www.w3.org/2001/XMLSchema">
         <leader>     cam a22     4  4500</leader>
         <controlfield tag="001">279836740</controlfield>
         <controlfield tag="003">CHVBK</controlfield>
         <controlfield tag="005">20180903111559.0</controlfield>
         <controlfield tag="008">130818s2006    maua     b||| 001 0 eng| </controlfield>
         <datafield tag="010" ind1=" " ind2=" ">
            <subfield code="a">  2006027582</subfield>
         </datafield>
         <datafield tag="015" ind1=" " ind2=" ">
            <subfield code="a">GBA6-76032</subfield>
            <subfield code="2">bnb</subfield>
         </datafield>
         <datafield tag="020" ind1=" " ind2=" ">
            <subfield code="a">978-0-262-19553-9 (hbk.) : £29.95</subfield>
         </datafield>
         <datafield tag="020" ind1=" " ind2=" ">
            <subfield code="a">0-262-19553-4 (hbk.) : £29.95</subfield>
         </datafield>
         <datafield tag="035" ind1=" " ind2=" ">
            <subfield code="a">(NEBIS)005506090</subfield>
         </datafield>
         <datafield tag="035" ind1=" " ind2=" ">
            <subfield code="a">(IDSSG)000467762</subfield>
         </datafield>
         <datafield tag="035" ind1=" " ind2=" ">
            <subfield code="a">(RERO)R004488842</subfield>
         </datafield>
         <datafield tag="040" ind1=" " ind2=" ">
            <subfield code="a">StDuBDS</subfield>
            <subfield code="d">SzZuIDS NEBIS ZBZ</subfield>
         </datafield>
         <datafield tag="050" ind1=" " ind2=" ">
            <subfield code="a">HJ8899</subfield>
            <subfield code="b">.S83 2006</subfield>
         </datafield>
         <datafield tag="072" ind1=" " ind2="7">
            <subfield code="a">s1se</subfield>
            <subfield code="2">rero</subfield>
         </datafield>
         <datafield tag="082" ind1="0" ind2=" ">
            <subfield code="a">336.3435091724</subfield>
            <subfield code="2">22</subfield>
         </datafield>
         <datafield tag="082" ind1="0" ind2=" ">
            <subfield code="a">336.3435</subfield>
            <subfield code="2">22</subfield>
         </datafield>
         <datafield tag="091" ind1=" " ind2=" ">
            <subfield code="a">CH001E67459E450D53BC2C12574EC00431220</subfield>
            <subfield code="b">iCapture</subfield>
         </datafield>
         <datafield tag="100" ind1="1" ind2=" ">
            <subfield code="a">Sturzenegger</subfield>
            <subfield code="D">Federico</subfield>
         </datafield>
         <datafield tag="245" ind1="1" ind2="0">
            <subfield code="a">Debt defaults and lessons from a decade of crises</subfield>
            <subfield code="c">Federico Sturzenegger and Jeromin Zettelmeyer</subfield>
         </datafield>
         <datafield tag="260" ind1=" " ind2=" ">
            <subfield code="a">Cambridge, Mass</subfield>
            <subfield code="b">MIT Press</subfield>
            <subfield code="c">2006</subfield>
         </datafield>
         <datafield tag="300" ind1=" " ind2=" ">
            <subfield code="a">385 S</subfield>
            <subfield code="b">Ill</subfield>
         </datafield>
         <datafield tag="504" ind1=" " ind2=" ">
            <subfield code="a">Includes bibliographical references (p. [345]-364) and index</subfield>
         </datafield>
         <datafield tag="648" ind1=" " ind2="7">
            <subfield code="a">Geschichte 1998-2005</subfield>
            <subfield code="2">gnd</subfield>
         </datafield>
         <datafield tag="650" ind1=" " ind2="7">
            <subfield code="a">Schuldenerlass</subfield>
            <subfield code="2">idszbz</subfield>
         </datafield>
         <datafield tag="650" ind1=" " ind2="7">
            <subfield code="a">Öffentliche Schulden</subfield>
            <subfield code="2">idszbz</subfield>
         </datafield>
         <datafield tag="650" ind1=" " ind2="7">
            <subfield code="a">Auslandsschulden</subfield>
            <subfield code="0">(DE-588)4003783-6</subfield>
            <subfield code="2">gnd</subfield>
         </datafield>
         <datafield tag="650" ind1=" " ind2="7">
            <subfield code="a">Schuldenerlass</subfield>
            <subfield code="0">(DE-588)4207441-1</subfield>
            <subfield code="2">gnd</subfield>
         </datafield>
         <datafield tag="650" ind1=" " ind2="7">
            <subfield code="a">Schuldenkrise</subfield>
            <subfield code="0">(DE-588)4200280-1</subfield>
            <subfield code="2">gnd</subfield>
         </datafield>
         <datafield tag="650" ind1=" " ind2="7">
            <subfield code="a">Wirtschaftspolitik</subfield>
            <subfield code="0">(DE-588)4066493-4</subfield>
            <subfield code="2">gnd</subfield>
         </datafield>
         <datafield tag="650" ind1=" " ind2="7">
            <subfield code="a">Staatsrecht</subfield>
            <subfield code="0">(DE-588)4056666-3</subfield>
            <subfield code="2">gnd</subfield>
         </datafield>
         <datafield tag="650" ind1=" " ind2="0">
            <subfield code="a">Debts, External</subfield>
         </datafield>
         <datafield tag="650" ind1=" " ind2="0">
            <subfield code="a">Developing countries</subfield>
            <subfield code="x">Economic policy</subfield>
         </datafield>
         <datafield tag="650" ind1=" " ind2="7">
            <subfield code="a">Öffentliche Schulden</subfield>
            <subfield code="0">(DE-588)4043153-8</subfield>
            <subfield code="2">gnd</subfield>
         </datafield>
         <datafield tag="650" ind1=" " ind2="7">
            <subfield code="a">Staatsanleihe</subfield>
            <subfield code="0">(DE-588)4182638-3</subfield>
            <subfield code="2">gnd</subfield>
         </datafield>
         <datafield tag="650" ind1=" " ind2="7">
            <subfield code="a">Staatsbankrott</subfield>
            <subfield code="0">(DE-588)4056637-7</subfield>
            <subfield code="2">gnd</subfield>
         </datafield>
         <datafield tag="650" ind1=" " ind2="0">
            <subfield code="a">Debts, External</subfield>
            <subfield code="z">Developing countries</subfield>
         </datafield>
         <datafield tag="650" ind1=" " ind2="0">
            <subfield code="a">Debt relief</subfield>
            <subfield code="z">Developing countries</subfield>
         </datafield>
         <datafield tag="650" ind1=" " ind2="7">
            <subfield code="a">dette publique extérieure - allègement</subfield>
            <subfield code="2">rerovoc</subfield>
         </datafield>
         <datafield tag="650" ind1=" " ind2="7">
            <subfield code="a">Politique économique</subfield>
            <subfield code="2">rero</subfield>
         </datafield>
         <datafield tag="650" ind1=" " ind2="7">
            <subfield code="a">Dettes extérieures</subfield>
            <subfield code="2">rero</subfield>
         </datafield>
         <datafield tag="651" ind1=" " ind2="7">
            <subfield code="a">Entwicklungsländer</subfield>
            <subfield code="2">idszbz</subfield>
         </datafield>
         <datafield tag="651" ind1=" " ind2="0">
            <subfield code="a">Developing countries</subfield>
            <subfield code="x">Economic policy</subfield>
         </datafield>
         <datafield tag="651" ind1=" " ind2="7">
            <subfield code="a">Entwicklungsländer</subfield>
            <subfield code="0">(DE-588)4014954-7</subfield>
            <subfield code="2">gnd</subfield>
         </datafield>
         <datafield tag="651" ind1=" " ind2="7">
            <subfield code="a">Pays en voie de développement</subfield>
            <subfield code="2">rero</subfield>
         </datafield>
         <datafield tag="655" ind1=" " ind2="7">
            <subfield code="a">Fallstudiensammlung</subfield>
            <subfield code="2">gnd-content</subfield>
         </datafield>
         <datafield tag="655" ind1=" " ind2="7">
            <subfield code="a">Fallsammlung</subfield>
            <subfield code="2">gnd-content</subfield>
         </datafield>
         <datafield tag="690" ind1=" " ind2="7">
            <subfield code="B">u</subfield>
            <subfield code="a">Internationale Verschuldung Wirtschaftskrise-Entwicklungsländer</subfield>
            <subfield code="2">nebis ER</subfield>
         </datafield>
         <datafield tag="690" ind1=" " ind2="7">
            <subfield code="B">u</subfield>
            <subfield code="a">Öffentliche Verschuldung</subfield>
            <subfield code="2">nebis ER</subfield>
         </datafield>
         <datafield tag="700" ind1="1" ind2=" ">
            <subfield code="a">Zettelmeyer</subfield>
            <subfield code="D">Jeromin</subfield>
         </datafield>
         <datafield tag="856" ind1=" " ind2=" ">
            <subfield code="z">Table of contents only</subfield>
            <subfield code="u">http://www.loc.gov/catdir/toc/ecip0619/2006027582.html</subfield>
         </datafield>
         <datafield tag="909" ind1=" " ind2="7">
            <subfield code="a">UIPZ-201611</subfield>
            <subfield code="2">nebis EN</subfield>
         </datafield>
         <datafield tag="909" ind1=" " ind2="7">
            <subfield code="a">zbzmon200802f</subfield>
            <subfield code="c">proc</subfield>
            <subfield code="d">zbzswk200802b</subfield>
            <subfield code="e">stet</subfield>
            <subfield code="2">idszbz Z2</subfield>
         </datafield>
         <datafield tag="912" ind1=" " ind2="7">
            <subfield code="a">ZB337</subfield>
            <subfield code="2">Z01</subfield>
         </datafield>
         <datafield tag="950" ind1=" " ind2=" ">
            <subfield code="B">NEBIS</subfield>
            <subfield code="P">100</subfield>
            <subfield code="E">1-</subfield>
            <subfield code="a">Sturzenegger</subfield>
            <subfield code="D">Federico</subfield>
         </datafield>
         <datafield tag="950" ind1=" " ind2=" ">
            <subfield code="B">NEBIS</subfield>
            <subfield code="P">700</subfield>
            <subfield code="E">1-</subfield>
            <subfield code="a">Zettelmeyer</subfield>
            <subfield code="D">Jeromin</subfield>
         </datafield>
         <datafield tag="950" ind1=" " ind2=" ">
            <subfield code="B">NEBIS</subfield>
            <subfield code="P">856</subfield>
            <subfield code="E">--</subfield>
            <subfield code="z">Table of contents only</subfield>
            <subfield code="u">http://www.loc.gov/catdir/toc/ecip0619/2006027582.html</subfield>
         </datafield>
         <datafield tag="950" ind1=" " ind2=" ">
            <subfield code="B">IDSSG</subfield>
            <subfield code="P">100</subfield>
            <subfield code="E">1-</subfield>
            <subfield code="a">Sturzenegger</subfield>
            <subfield code="D">Federico</subfield>
         </datafield>
         <datafield tag="950" ind1=" " ind2=" ">
            <subfield code="B">IDSSG</subfield>
            <subfield code="P">700</subfield>
            <subfield code="E">1-</subfield>
            <subfield code="a">Zettelmeyer</subfield>
            <subfield code="D">Jeromin</subfield>
         </datafield>
         <datafield tag="950" ind1=" " ind2=" ">
            <subfield code="B">IDSSG</subfield>
            <subfield code="P">856</subfield>
            <subfield code="E">4-</subfield>
            <subfield code="u">http://aleph.unisg.ch/hsgscan/hm00242056.pdf</subfield>
            <subfield code="z">Inhaltsverzeichnis</subfield>
         </datafield>
         <datafield tag="950" ind1=" " ind2=" ">
            <subfield code="B">RERO</subfield>
            <subfield code="P">100</subfield>
            <subfield code="E">1-</subfield>
            <subfield code="a">Sturzenegger</subfield>
            <subfield code="D">Federico</subfield>
         </datafield>
         <datafield tag="950" ind1=" " ind2=" ">
            <subfield code="B">RERO</subfield>
            <subfield code="P">700</subfield>
            <subfield code="E">1-</subfield>
            <subfield code="a">Zettelmeyer</subfield>
            <subfield code="D">Jeromin</subfield>
         </datafield>
         <datafield tag="986" ind1=" " ind2=" ">
            <subfield code="a">SWISSBIB</subfield>
            <subfield code="b">279836740</subfield>
         </datafield>
         <datafield tag="898" ind1=" " ind2=" ">
            <subfield code="a">BK020000</subfield>
            <subfield code="b">XK020000</subfield>
            <subfield code="c">XK020000</subfield>
         </datafield>
         <datafield tag="949" ind1=" " ind2=" ">
            <subfield code="B">NEBIS</subfield>
            <subfield code="F">E95</subfield>
            <subfield code="j">EK-00219-E1</subfield>
         </datafield>
         <datafield tag="949" ind1=" " ind2=" ">
            <subfield code="B">NEBIS</subfield>
            <subfield code="F">E95</subfield>
            <subfield code="j">EK-00219-E2</subfield>
         </datafield>
         <datafield tag="949" ind1=" " ind2=" ">
            <subfield code="B">NEBIS</subfield>
            <subfield code="F">UIPZ</subfield>
            <subfield code="j">IPZ 10-875</subfield>
         </datafield>
         <datafield tag="949" ind1=" " ind2=" ">
            <subfield code="B">NEBIS</subfield>
            <subfield code="F">Z01</subfield>
            <subfield code="c">02</subfield>
            <subfield code="j">HD 4719</subfield>
         </datafield>
         <datafield tag="956" ind1="4" ind2=" ">
            <subfield code="B">NEBIS</subfield>
            <subfield code="C">ZAD50</subfield>
            <subfield code="D">EBI01</subfield>
            <subfield code="a">Z01</subfield>
            <subfield code="u">https://opac.nebis.ch/objects/pdf/z01_978-0-262-19553-9_01.pdf</subfield>
            <subfield code="y">Titelblatt und Inhaltsverzeichnis</subfield>
            <subfield code="x">VIEW</subfield>
            <subfield code="q">pdf</subfield>
         </datafield>
         <datafield tag="949" ind1=" " ind2=" ">
            <subfield code="B">RERO</subfield>
            <subfield code="F">RE01046</subfield>
            <subfield code="c">RE010460002</subfield>
            <subfield code="j">FSES F34</subfield>
            <subfield code="s">TEB 24967</subfield>
         </datafield>
         <datafield tag="949" ind1=" " ind2=" ">
            <subfield code="B">RERO</subfield>
            <subfield code="F">RE61040</subfield>
            <subfield code="c">RE610400033</subfield>
            <subfield code="j">336.31 STU</subfield>
         </datafield>
         <datafield tag="949" ind1=" " ind2=" ">
            <subfield code="B">IDSSG</subfield>
            <subfield code="F">HSG</subfield>
            <subfield code="c">EG</subfield>
            <subfield code="j">QM 354 S936</subfield>
         </datafield>
         <datafield tag="949" ind1=" " ind2=" ">
            <subfield code="B">IDSSG</subfield>
            <subfield code="F">HMLE</subfield>
            <subfield code="j">QK 600: 31</subfield>
         </datafield>
      <datafield tag="949" ind1=" " ind2=" "><subfield code="B">IDSSG</subfield><subfield code="F">HIFF</subfield><subfield code="c">BIB</subfield><subfield code="j">YL7 005</subfield></datafield></record>