
<record xmlns:xs="http://www.w3.org/2001/XMLSchema">
         <leader>     cam a22     4  4500</leader>
         <controlfield tag="001">033674450</controlfield>
         <controlfield tag="003">CHVBK</controlfield>
         <controlfield tag="005">20180322034534.0</controlfield>
         <controlfield tag="008">891222s1969    gw            00    ger d</controlfield>
         <datafield tag="020" ind1=" " ind2=" ">
            <subfield code="a">3-540-04722-0</subfield>
            <subfield code="q">brosch., Berlin : Springer</subfield>
         </datafield>
         <datafield tag="020" ind1=" " ind2=" ">
            <subfield code="a">0-387-04722-0</subfield>
            <subfield code="q">soft cover, New York : Springer</subfield>
         </datafield>
         <datafield tag="035" ind1=" " ind2=" ">
            <subfield code="a">(OCoLC)611127535</subfield>
         </datafield>
         <datafield tag="035" ind1=" " ind2=" ">
            <subfield code="a">(IDSSG)000245232</subfield>
         </datafield>
         <datafield tag="040" ind1=" " ind2=" ">
            <subfield code="a">IDS BS/BE A252</subfield>
            <subfield code="b">ger</subfield>
            <subfield code="d">SzZuIDS HSG</subfield>
            <subfield code="e">kids</subfield>
         </datafield>
         <datafield tag="100" ind1="1" ind2=" ">
            <subfield code="a">Stegmüller</subfield>
            <subfield code="D">Wolfgang</subfield>
         </datafield>
         <datafield tag="245" ind1="1" ind2="0">
            <subfield code="a">Teleologie, Funktionalanalyse und Selbstregulation (Kybernetik)</subfield>
            <subfield code="c">Wolfgang Stegmüller</subfield>
         </datafield>
         <datafield tag="250" ind1=" " ind2=" ">
            <subfield code="a">Studienausg</subfield>
         </datafield>
         <datafield tag="264" ind1=" " ind2="1">
            <subfield code="a">Berlin</subfield>
            <subfield code="b">Springer</subfield>
            <subfield code="c">1969</subfield>
         </datafield>
         <datafield tag="300" ind1=" " ind2=" ">
            <subfield code="a">S. 519-623</subfield>
         </datafield>
         <datafield tag="336" ind1=" " ind2=" ">
            <subfield code="a">Text</subfield>
            <subfield code="b">txt</subfield>
            <subfield code="2">rdacontent/ger</subfield>
         </datafield>
         <datafield tag="337" ind1=" " ind2=" ">
            <subfield code="a">ohne Hilfsmittel zu benutzen</subfield>
            <subfield code="b">n</subfield>
            <subfield code="2">rdamedia/ger</subfield>
         </datafield>
         <datafield tag="338" ind1=" " ind2=" ">
            <subfield code="a">Band</subfield>
            <subfield code="b">nc</subfield>
            <subfield code="2">rdacarrier/ger</subfield>
         </datafield>
         <datafield tag="490" ind1="0" ind2=" ">
            <subfield code="a">Probleme und Resultate der Wissenschaftstheorie und analytischen Philosophie. Bd. 1, Wissenschaftliche Erklärung und Begründung / Wolfgang Stegmüller</subfield>
            <subfield code="v">Teil 4</subfield>
            <subfield code="i">4</subfield>
            <subfield code="w">(IDSSG)000245211</subfield>
         </datafield>
         <datafield tag="650" ind1=" " ind2="7">
            <subfield code="a">Wissenschaftstheorie</subfield>
            <subfield code="0">(DE-588)4117665-0</subfield>
            <subfield code="2">gnd</subfield>
         </datafield>
         <datafield tag="650" ind1=" " ind2="7">
            <subfield code="a">Logik</subfield>
            <subfield code="0">(DE-588)4036202-4</subfield>
            <subfield code="2">gnd</subfield>
         </datafield>
         <datafield tag="950" ind1=" " ind2=" ">
            <subfield code="B">IDSSG</subfield>
            <subfield code="P">100</subfield>
            <subfield code="E">1-</subfield>
            <subfield code="a">Stegmüller</subfield>
            <subfield code="D">Wolfgang</subfield>
         </datafield>
         <datafield tag="950" ind1=" " ind2=" ">
            <subfield code="B">IDSSG</subfield>
            <subfield code="P">490</subfield>
            <subfield code="E">0-</subfield>
            <subfield code="a">Probleme und Resultate der Wissenschaftstheorie und analytischen Philosophie. Bd. 1, Wissenschaftliche Erklärung und Begründung / Wolfgang Stegmüller</subfield>
            <subfield code="v">Teil 4</subfield>
            <subfield code="i">4</subfield>
            <subfield code="w">(IDSSG)000245211</subfield>
         </datafield>
         <datafield tag="898" ind1=" " ind2=" ">
            <subfield code="a">BK020000</subfield>
            <subfield code="b">XK020000</subfield>
            <subfield code="c">XK020000</subfield>
         </datafield>
         <datafield tag="949" ind1=" " ind2=" ">
            <subfield code="B">IDSSG</subfield>
            <subfield code="F">HSG</subfield>
            <subfield code="c">BURON</subfield>
            <subfield code="j">+Phil Pa .850/1.4</subfield>
         </datafield>
      <datafield tag="949" ind1=" " ind2=" "><subfield code="B">IDSSG</subfield><subfield code="F">HIFF</subfield><subfield code="c">BIB</subfield><subfield code="j">WD 118</subfield></datafield></record>