
<record xmlns:xs="http://www.w3.org/2001/XMLSchema">
         <leader>     caa a22        4500</leader>
         <controlfield tag="001">208840303</controlfield>
         <controlfield tag="003">CHVBK</controlfield>
         <controlfield tag="005">20190114050015.0</controlfield>
         <controlfield tag="008">881215m19881989sz            00    ger d</controlfield>
         <datafield tag="035" ind1=" " ind2=" ">
            <subfield code="a">(RERO)1055129</subfield>
         </datafield>
         <datafield tag="040" ind1=" " ind2=" ">
            <subfield code="a">CH-MyRERO</subfield>
            <subfield code="d">CHVBK</subfield>
         </datafield>
         <datafield tag="044" ind1=" " ind2=" ">
            <subfield code="a">sz</subfield>
            <subfield code="c">ch-be</subfield>
         </datafield>
         <datafield tag="072" ind1=" " ind2="7">
            <subfield code="a">s1dr</subfield>
            <subfield code="2">rero</subfield>
         </datafield>
         <datafield tag="100" ind1="1" ind2=" ">
            <subfield code="a">Ruf</subfield>
            <subfield code="D">Peter</subfield>
         </datafield>
         <datafield tag="245" ind1="1" ind2="0">
            <subfield code="a">Unternehmensumstrukturierung und bernisches Handänderungsabgaberecht</subfield>
            <subfield code="c">von Peter Ruf</subfield>
         </datafield>
         <datafield tag="580" ind1=" " ind2=" ">
            <subfield code="a">In: Archiv für schweizerisches Abgaberecht. - Bern. - Bd. 57(1988/1989), H. 1/2, S. 95-111</subfield>
         </datafield>
         <datafield tag="650" ind1=" " ind2="7">
            <subfield code="a">Handänderungssteuer</subfield>
            <subfield code="9">ger</subfield>
            <subfield code="2">jurivoc</subfield>
         </datafield>
         <datafield tag="650" ind1=" " ind2="7">
            <subfield code="a">Steuer</subfield>
            <subfield code="9">ger</subfield>
            <subfield code="2">jurivoc</subfield>
         </datafield>
         <datafield tag="650" ind1=" " ind2="7">
            <subfield code="a">juristische Person</subfield>
            <subfield code="9">ger</subfield>
            <subfield code="2">jurivoc</subfield>
         </datafield>
         <datafield tag="650" ind1=" " ind2="7">
            <subfield code="a">Steuerpflicht</subfield>
            <subfield code="9">ger</subfield>
            <subfield code="2">jurivoc</subfield>
         </datafield>
         <datafield tag="650" ind1=" " ind2="7">
            <subfield code="a">Steuer vom Unternehmungsgewinn</subfield>
            <subfield code="9">ger</subfield>
            <subfield code="2">jurivoc</subfield>
         </datafield>
         <datafield tag="650" ind1=" " ind2="7">
            <subfield code="a">imposta</subfield>
            <subfield code="9">ita</subfield>
            <subfield code="2">jurivoc</subfield>
         </datafield>
         <datafield tag="650" ind1=" " ind2="7">
            <subfield code="a">diritto di mutazione</subfield>
            <subfield code="9">ita</subfield>
            <subfield code="2">jurivoc</subfield>
         </datafield>
         <datafield tag="650" ind1=" " ind2="7">
            <subfield code="a">assoggettamento(imposta)</subfield>
            <subfield code="9">ita</subfield>
            <subfield code="2">jurivoc</subfield>
         </datafield>
         <datafield tag="650" ind1=" " ind2="7">
            <subfield code="a">persona giuridica</subfield>
            <subfield code="9">ita</subfield>
            <subfield code="2">jurivoc</subfield>
         </datafield>
         <datafield tag="650" ind1=" " ind2="7">
            <subfield code="a">imposta sull'utile delle aziende</subfield>
            <subfield code="9">ita</subfield>
            <subfield code="2">jurivoc</subfield>
         </datafield>
         <datafield tag="650" ind1=" " ind2="7">
            <subfield code="a">impôt</subfield>
            <subfield code="9">fre</subfield>
            <subfield code="2">jurivoc</subfield>
         </datafield>
         <datafield tag="650" ind1=" " ind2="7">
            <subfield code="a">droits de mutation</subfield>
            <subfield code="9">fre</subfield>
            <subfield code="2">jurivoc</subfield>
         </datafield>
         <datafield tag="650" ind1=" " ind2="7">
            <subfield code="a">assujettissement(impôt)</subfield>
            <subfield code="9">fre</subfield>
            <subfield code="2">jurivoc</subfield>
         </datafield>
         <datafield tag="650" ind1=" " ind2="7">
            <subfield code="a">personne morale</subfield>
            <subfield code="9">fre</subfield>
            <subfield code="2">jurivoc</subfield>
         </datafield>
         <datafield tag="650" ind1=" " ind2="7">
            <subfield code="a">impôt sur le bénéfice des entreprises</subfield>
            <subfield code="9">fre</subfield>
            <subfield code="2">jurivoc</subfield>
         </datafield>
         <datafield tag="651" ind1=" " ind2="7">
            <subfield code="a">Schweiz</subfield>
            <subfield code="9">ger</subfield>
            <subfield code="2">jurivoc</subfield>
         </datafield>
         <datafield tag="651" ind1=" " ind2="7">
            <subfield code="a">Suisse(État)</subfield>
            <subfield code="9">fre</subfield>
            <subfield code="2">jurivoc</subfield>
         </datafield>
         <datafield tag="651" ind1=" " ind2="7">
            <subfield code="a">Svizzera(Stato)</subfield>
            <subfield code="9">ita</subfield>
            <subfield code="2">jurivoc</subfield>
         </datafield>
         <datafield tag="691" ind1=" " ind2="7">
            <subfield code="2">rero dr-sys</subfield>
            <subfield code="u">CA/CH-BE 54.7 i</subfield>
         </datafield>
         <datafield tag="773" ind1="1" ind2=" ">
            <subfield code="t">Archiv für schweizerisches Abgaberecht = Archives de droit fiscal suisse</subfield>
            <subfield code="g">1988-1989/95</subfield>
         </datafield>
         <datafield tag="898" ind1=" " ind2=" ">
            <subfield code="a">BK010000</subfield>
            <subfield code="b">XK010000</subfield>
            <subfield code="c">XK010000</subfield>
         </datafield>
         <datafield tag="949" ind1=" " ind2=" ">
            <subfield code="B">RERO</subfield>
            <subfield code="F">RE01040</subfield>
            <subfield code="c">RE010400001</subfield>
            <subfield code="j">DR CA/CH 54 f ARSA</subfield>
            <subfield code="s">J 1184A/1988-1989</subfield>
         </datafield>
         <datafield tag="949" ind1=" " ind2=" ">
            <subfield code="B">RERO</subfield>
            <subfield code="F">RE31013</subfield>
            <subfield code="c">RE310130001</subfield>
            <subfield code="j">CA/CH 54 f ARSA</subfield>
            <subfield code="s">nedp 129/1988/1989</subfield>
         </datafield>
         <datafield tag="949" ind1=" " ind2=" ">
            <subfield code="B">RERO</subfield>
            <subfield code="F">RE61050</subfield>
            <subfield code="c">RE610500001</subfield>
            <subfield code="j">CA/CH 54 f ARSA</subfield>
            <subfield code="s">BFDZ 46/1988/1-2</subfield>
         </datafield>
         <datafield tag="949" ind1=" " ind2=" ">
            <subfield code="B">RERO</subfield>
            <subfield code="F">RE71040</subfield>
            <subfield code="c">RE710400003</subfield>
            <subfield code="j">TFLa A 10/30 a</subfield>
         </datafield>
         <datafield tag="950" ind1=" " ind2=" ">
            <subfield code="B">RERO</subfield>
            <subfield code="P">100</subfield>
            <subfield code="E">1-</subfield>
            <subfield code="a">Ruf</subfield>
            <subfield code="D">Peter</subfield>
         </datafield>
         <datafield tag="950" ind1=" " ind2=" ">
            <subfield code="B">RERO</subfield>
            <subfield code="P">773</subfield>
            <subfield code="E">1-</subfield>
            <subfield code="t">Archiv für schweizerisches Abgaberecht = Archives de droit fiscal suisse</subfield>
            <subfield code="g">1988-1989/95</subfield>
         </datafield>
      <datafield tag="949" ind1=" " ind2=" "><subfield code="B">IDSSG</subfield><subfield code="F">HIFF</subfield><subfield code="c">BIB</subfield><subfield code="j">-</subfield></datafield></record>