
<record xmlns:xs="http://www.w3.org/2001/XMLSchema">
         <leader>     cam a22     4  4500</leader>
         <controlfield tag="001">15276710X</controlfield>
         <controlfield tag="003">CHVBK</controlfield>
         <controlfield tag="005">20171221033356.0</controlfield>
         <controlfield tag="008">960410s2000    gw     |      00   |ger|d</controlfield>
         <datafield tag="020" ind1=" " ind2=" ">
            <subfield code="a">3-406-44858-5</subfield>
         </datafield>
         <datafield tag="035" ind1=" " ind2=" ">
            <subfield code="a">(OCoLC)264582790</subfield>
         </datafield>
         <datafield tag="035" ind1=" " ind2=" ">
            <subfield code="a">(NEBIS)003916343</subfield>
         </datafield>
         <datafield tag="040" ind1=" " ind2=" ">
            <subfield code="a">UNI-RWI</subfield>
         </datafield>
         <datafield tag="245" ind1="0" ind2="0">
            <subfield code="a">Umwandlungssteuergesetz</subfield>
            <subfield code="b">Kommentar</subfield>
            <subfield code="c">hrsg. von Detlef Haritz ... [et al.] ; bearb. von Detlef Haritz ... [et al.]</subfield>
         </datafield>
         <datafield tag="246" ind1="1" ind2="3">
            <subfield code="a">UmwStG</subfield>
         </datafield>
         <datafield tag="250" ind1=" " ind2=" ">
            <subfield code="a">2., völlig neubearb. Aufl</subfield>
         </datafield>
         <datafield tag="260" ind1=" " ind2=" ">
            <subfield code="a">München</subfield>
            <subfield code="b">Beck</subfield>
            <subfield code="c">2000</subfield>
         </datafield>
         <datafield tag="300" ind1=" " ind2=" ">
            <subfield code="a">1014 S</subfield>
            <subfield code="b">Ill</subfield>
         </datafield>
         <datafield tag="490" ind1="0" ind2=" ">
            <subfield code="a">Beck'sche Steuerkommentare</subfield>
         </datafield>
         <datafield tag="500" ind1=" " ind2=" ">
            <subfield code="a">Enthält auch den Gesetzestext</subfield>
         </datafield>
         <datafield tag="650" ind1=" " ind2="7">
            <subfield code="a">Gesellschaftsumwandlung</subfield>
            <subfield code="2">idszbz</subfield>
         </datafield>
         <datafield tag="650" ind1=" " ind2="7">
            <subfield code="a">Steuerrecht</subfield>
            <subfield code="2">idszbz</subfield>
         </datafield>
         <datafield tag="651" ind1=" " ind2="7">
            <subfield code="a">Deutschland</subfield>
            <subfield code="2">idszbz</subfield>
         </datafield>
         <datafield tag="655" ind1=" " ind2="7">
            <subfield code="a">Kommentar</subfield>
            <subfield code="2">idszbz</subfield>
         </datafield>
         <datafield tag="655" ind1=" " ind2="7">
            <subfield code="a">Quelle</subfield>
            <subfield code="2">idszbz</subfield>
         </datafield>
         <datafield tag="700" ind1="1" ind2=" ">
            <subfield code="a">Haritz</subfield>
            <subfield code="D">Detlef</subfield>
         </datafield>
         <datafield tag="751" ind1=" " ind2=" ">
            <subfield code="a">Deutschland</subfield>
            <subfield code="0">(DE-588)4011882-4</subfield>
         </datafield>
         <datafield tag="909" ind1=" " ind2="7">
            <subfield code="a">rwimon200007e</subfield>
            <subfield code="c">biss 000726</subfield>
            <subfield code="d">rwiswk200009b</subfield>
            <subfield code="e">meim</subfield>
            <subfield code="2">idszbz Z2</subfield>
         </datafield>
         <datafield tag="912" ind1=" " ind2="7">
            <subfield code="a">M115</subfield>
            <subfield code="2">Z01</subfield>
         </datafield>
         <datafield tag="950" ind1=" " ind2=" ">
            <subfield code="B">NEBIS</subfield>
            <subfield code="P">490</subfield>
            <subfield code="E">--</subfield>
            <subfield code="a">Beck'sche Steuerkommentare</subfield>
         </datafield>
         <datafield tag="950" ind1=" " ind2=" ">
            <subfield code="B">NEBIS</subfield>
            <subfield code="P">700</subfield>
            <subfield code="E">1-</subfield>
            <subfield code="a">Haritz</subfield>
            <subfield code="D">Detlef</subfield>
         </datafield>
         <datafield tag="986" ind1=" " ind2=" ">
            <subfield code="a">SWISSBIB</subfield>
            <subfield code="b">139829873</subfield>
         </datafield>
         <datafield tag="898" ind1=" " ind2=" ">
            <subfield code="a">BK020000</subfield>
            <subfield code="b">XK020000</subfield>
            <subfield code="c">XK020000</subfield>
         </datafield>
         <datafield tag="949" ind1=" " ind2=" ">
            <subfield code="B">NEBIS</subfield>
            <subfield code="F">Z16</subfield>
            <subfield code="j">Seq 596 : 2.Ed</subfield>
         </datafield>
      <datafield tag="949" ind1=" " ind2=" "><subfield code="B">IDSSG</subfield><subfield code="F">HIFF</subfield><subfield code="c">BIB</subfield><subfield code="j">KB 210</subfield></datafield></record>