
<record xmlns:xs="http://www.w3.org/2001/XMLSchema">
         <leader>     cam a22     2  4500</leader>
         <controlfield tag="001">360675131</controlfield>
         <controlfield tag="003">CHVBK</controlfield>
         <controlfield tag="005">20171120162948.0</controlfield>
         <controlfield tag="008">160425m19621963gw            00    ger|d</controlfield>
         <datafield tag="016" ind1="7" ind2=" ">
            <subfield code="a">455709203</subfield>
            <subfield code="2">DE-101</subfield>
         </datafield>
         <datafield tag="035" ind1=" " ind2=" ">
            <subfield code="a">(IDSBB)006091324</subfield>
         </datafield>
         <datafield tag="035" ind1=" " ind2=" ">
            <subfield code="a">(IDSSG)000440307</subfield>
         </datafield>
         <datafield tag="035" ind1=" " ind2=" ">
            <subfield code="a">(OCoLC)611628395</subfield>
         </datafield>
         <datafield tag="040" ind1=" " ind2=" ">
            <subfield code="a">SzZUIDS</subfield>
            <subfield code="d">SzZuIDS BS/BE A100</subfield>
            <subfield code="e">kids</subfield>
         </datafield>
         <datafield tag="084" ind1=" " ind2=" ">
            <subfield code="a">05a</subfield>
            <subfield code="a">330</subfield>
            <subfield code="a">380</subfield>
            <subfield code="a">650</subfield>
            <subfield code="a">670</subfield>
            <subfield code="2">sdnb</subfield>
         </datafield>
         <datafield tag="245" ind1="0" ind2="0">
            <subfield code="a">Wirtschaft und Finanzen im Ausland</subfield>
            <subfield code="c">Institut "Finanzen und Steuern"</subfield>
         </datafield>
         <datafield tag="264" ind1=" " ind2="1">
            <subfield code="a">Bonn</subfield>
            <subfield code="b">Institut Finanzen und Steuern</subfield>
            <subfield code="c">1962-1963</subfield>
         </datafield>
         <datafield tag="300" ind1=" " ind2=" ">
            <subfield code="a">3 Bde</subfield>
         </datafield>
         <datafield tag="490" ind1="0" ind2=" ">
            <subfield code="a">Schriftenreihe des Instituts "Finanzen und Steuern"</subfield>
            <subfield code="v">H. 66</subfield>
            <subfield code="i">66</subfield>
            <subfield code="w">(IDSBB)000660623</subfield>
            <subfield code="9">359289959</subfield>
         </datafield>
         <datafield tag="505" ind1="0" ind2="0">
            <subfield code="g">Bd. 1</subfield>
            <subfield code="t">Grossbritannien und Dänemark</subfield>
         </datafield>
         <datafield tag="505" ind1="0" ind2="0">
            <subfield code="g">Bd. 2</subfield>
            <subfield code="t">Norwegen</subfield>
         </datafield>
         <datafield tag="505" ind1="0" ind2="0">
            <subfield code="g">Bd. 3</subfield>
            <subfield code="t">Schweden</subfield>
         </datafield>
         <datafield tag="650" ind1=" " ind2="7">
            <subfield code="a">Finanzlage</subfield>
            <subfield code="0">(DE-588)4238188-5</subfield>
            <subfield code="2">gnd</subfield>
         </datafield>
         <datafield tag="650" ind1=" " ind2="7">
            <subfield code="a">Wirtschaft</subfield>
            <subfield code="0">(DE-588)4066399-1</subfield>
            <subfield code="2">gnd</subfield>
         </datafield>
         <datafield tag="651" ind1=" " ind2="7">
            <subfield code="a">Großbritannien</subfield>
            <subfield code="0">(DE-588)4022153-2</subfield>
            <subfield code="2">gnd</subfield>
         </datafield>
         <datafield tag="651" ind1=" " ind2="7">
            <subfield code="a">Dänemark</subfield>
            <subfield code="0">(DE-588)4010877-6</subfield>
            <subfield code="2">gnd</subfield>
         </datafield>
         <datafield tag="651" ind1=" " ind2="7">
            <subfield code="a">Norwegen</subfield>
            <subfield code="0">(DE-588)4042640-3</subfield>
            <subfield code="2">gnd</subfield>
         </datafield>
         <datafield tag="651" ind1=" " ind2="7">
            <subfield code="a">Schweden</subfield>
            <subfield code="0">(DE-588)4077258-5</subfield>
            <subfield code="2">gnd</subfield>
         </datafield>
         <datafield tag="710" ind1="2" ind2=" ">
            <subfield code="a">Ifst</subfield>
            <subfield code="0">(DE-588)2013560-9</subfield>
         </datafield>
         <datafield tag="950" ind1=" " ind2=" ">
            <subfield code="B">IDSBB</subfield>
            <subfield code="P">490</subfield>
            <subfield code="E">0-</subfield>
            <subfield code="a">Schriftenreihe des Instituts "Finanzen und Steuern"</subfield>
            <subfield code="v">H. 66</subfield>
            <subfield code="i">66</subfield>
            <subfield code="w">(IDSBB)000660623</subfield>
            <subfield code="9">359289959</subfield>
         </datafield>
         <datafield tag="950" ind1=" " ind2=" ">
            <subfield code="B">IDSBB</subfield>
            <subfield code="P">710</subfield>
            <subfield code="E">2-</subfield>
            <subfield code="a">Ifst</subfield>
            <subfield code="0">(DE-588)2013560-9</subfield>
         </datafield>
         <datafield tag="950" ind1=" " ind2=" ">
            <subfield code="B">IDSSG</subfield>
            <subfield code="P">490</subfield>
            <subfield code="E">0-</subfield>
            <subfield code="a">Schriftenreihe des Instituts "Finanzen und Steuern"</subfield>
            <subfield code="v">H. 66, Bd. 1-3</subfield>
            <subfield code="i">66</subfield>
            <subfield code="w">(IDSSG)000014830</subfield>
            <subfield code="9">031236804</subfield>
         </datafield>
         <datafield tag="950" ind1=" " ind2=" ">
            <subfield code="B">IDSSG</subfield>
            <subfield code="P">710</subfield>
            <subfield code="E">2-</subfield>
            <subfield code="a">Ifst</subfield>
            <subfield code="0">(DE-588)2013560-9</subfield>
         </datafield>
         <datafield tag="898" ind1=" " ind2=" ">
            <subfield code="a">BK020000</subfield>
            <subfield code="b">XK020000</subfield>
            <subfield code="c">XK020000</subfield>
         </datafield>
         <datafield tag="949" ind1=" " ind2=" ">
            <subfield code="B">IDSBB</subfield>
            <subfield code="F">A125</subfield>
            <subfield code="c">125SW</subfield>
            <subfield code="j">SWA Vo H I 7 Europa</subfield>
            <subfield code="z">Bd. 1 (1962)</subfield>
         </datafield>
         <datafield tag="949" ind1=" " ind2=" ">
            <subfield code="B">IDSBB</subfield>
            <subfield code="F">A125</subfield>
            <subfield code="c">125SW</subfield>
            <subfield code="j">SWA Vo H I 7</subfield>
            <subfield code="z">Bd. 2 (1963)</subfield>
         </datafield>
         <datafield tag="949" ind1=" " ind2=" ">
            <subfield code="B">IDSBB</subfield>
            <subfield code="F">A125</subfield>
            <subfield code="c">125SW</subfield>
            <subfield code="j">SWA Vo H I 7</subfield>
            <subfield code="z">Bd. 3 (1963)</subfield>
         </datafield>
         <datafield tag="949" ind1=" " ind2=" ">
            <subfield code="B">IDSSG</subfield>
            <subfield code="F">HSG</subfield>
            <subfield code="c">BURON</subfield>
            <subfield code="j">+Vwl P .893/66,1</subfield>
            <subfield code="z">Bd. 1 (1962)</subfield>
         </datafield>
         <datafield tag="949" ind1=" " ind2=" ">
            <subfield code="B">IDSSG</subfield>
            <subfield code="F">HSG</subfield>
            <subfield code="c">BURON</subfield>
            <subfield code="j">+Vwl P .893/66,2</subfield>
            <subfield code="z">Bd. 2 (1963)</subfield>
         </datafield>
         <datafield tag="949" ind1=" " ind2=" ">
            <subfield code="B">IDSSG</subfield>
            <subfield code="F">HSG</subfield>
            <subfield code="c">BURON</subfield>
            <subfield code="j">+Vwl P .893/66,3</subfield>
            <subfield code="z">Bd. 3 (1963)</subfield>
         </datafield>
      <datafield tag="949" ind1=" " ind2=" "><subfield code="B">IDSSG</subfield><subfield code="F">HIFF</subfield><subfield code="c">BIB</subfield><subfield code="j">-</subfield></datafield></record>