
<record xmlns:xs="http://www.w3.org/2001/XMLSchema">
         <leader>     cam a22     u  4500</leader>
         <controlfield tag="001">27358247X</controlfield>
         <controlfield tag="003">CHVBK</controlfield>
         <controlfield tag="005">20181222060237.0</controlfield>
         <controlfield tag="008">130818s1994    gw     |      00   |ger|d</controlfield>
         <datafield tag="015" ind1=" " ind2=" ">
            <subfield code="a">94,N16,0144</subfield>
         </datafield>
         <datafield tag="020" ind1=" " ind2=" ">
            <subfield code="a">3-534-12106-6</subfield>
         </datafield>
         <datafield tag="035" ind1=" " ind2=" ">
            <subfield code="a">(NEBIS)000946930</subfield>
         </datafield>
         <datafield tag="035" ind1=" " ind2=" ">
            <subfield code="a">(IDSSG)000071063</subfield>
         </datafield>
         <datafield tag="035" ind1=" " ind2=" ">
            <subfield code="a">(IDSBB)001031177</subfield>
         </datafield>
         <datafield tag="035" ind1=" " ind2=" ">
            <subfield code="a">(RERO)1950245</subfield>
         </datafield>
         <datafield tag="040" ind1=" " ind2=" ">
            <subfield code="a">ETH-BIB</subfield>
            <subfield code="b">ger</subfield>
            <subfield code="c">ETH-BIB</subfield>
            <subfield code="e">ETHICS-ISBD</subfield>
         </datafield>
         <datafield tag="072" ind1=" " ind2="7">
            <subfield code="a">s1se</subfield>
            <subfield code="2">rero</subfield>
         </datafield>
         <datafield tag="072" ind1=" " ind2="7">
            <subfield code="a">s2ur</subfield>
            <subfield code="2">rero</subfield>
         </datafield>
         <datafield tag="082" ind1="0" ind2=" ">
            <subfield code="a">338.927</subfield>
            <subfield code="2">22</subfield>
         </datafield>
         <datafield tag="082" ind1="0" ind2=" ">
            <subfield code="a">658.4083</subfield>
            <subfield code="2">22</subfield>
         </datafield>
         <datafield tag="084" ind1=" " ind2=" ">
            <subfield code="a">6,24</subfield>
            <subfield code="2">ssgn</subfield>
         </datafield>
         <datafield tag="084" ind1=" " ind2=" ">
            <subfield code="a">AR 28100</subfield>
            <subfield code="2">rvk</subfield>
         </datafield>
         <datafield tag="084" ind1=" " ind2=" ">
            <subfield code="a">AR 28300</subfield>
            <subfield code="2">rvk</subfield>
         </datafield>
         <datafield tag="084" ind1=" " ind2=" ">
            <subfield code="a">QT 000</subfield>
            <subfield code="2">rvk</subfield>
         </datafield>
         <datafield tag="084" ind1=" " ind2=" ">
            <subfield code="a">QT 200</subfield>
            <subfield code="2">rvk</subfield>
         </datafield>
         <datafield tag="100" ind1="1" ind2=" ">
            <subfield code="a">Endres</subfield>
            <subfield code="D">Alfred</subfield>
         </datafield>
         <datafield tag="245" ind1="1" ind2="0">
            <subfield code="a">Umweltökonomie</subfield>
            <subfield code="b">eine Einführung</subfield>
            <subfield code="c">Alfred Endres</subfield>
         </datafield>
         <datafield tag="260" ind1=" " ind2=" ">
            <subfield code="a">Darmstadt</subfield>
            <subfield code="b">Wissenschaftliche Buchgesellschaft</subfield>
            <subfield code="c">cop. 1994</subfield>
         </datafield>
         <datafield tag="300" ind1=" " ind2=" ">
            <subfield code="a">XIII, 194 S</subfield>
            <subfield code="c">22 cm</subfield>
            <subfield code="b">Ill</subfield>
         </datafield>
         <datafield tag="500" ind1=" " ind2=" ">
            <subfield code="a">siehe auch: Umwelt- und Ressourcenökonomie</subfield>
         </datafield>
         <datafield tag="500" ind1=" " ind2=" ">
            <subfield code="a">"Der Band ist aus dem 1985 im gleichen Verlag erschienenen Titel von Alfred Endres: "Umwelt- und Ressourcenökonomie" hervorgegangen. (Kap.B: "Instrumente der Umweltpolitik")"</subfield>
         </datafield>
         <datafield tag="504" ind1=" " ind2=" ">
            <subfield code="a">Literaturverz.: S. 179-187</subfield>
         </datafield>
         <datafield tag="650" ind1=" " ind2="7">
            <subfield code="a">Umweltökonomie</subfield>
            <subfield code="2">idszbz</subfield>
         </datafield>
         <datafield tag="650" ind1=" " ind2="7">
            <subfield code="a">Umweltpolitik</subfield>
            <subfield code="0">(DE-588)4078523-3</subfield>
            <subfield code="2">gnd</subfield>
         </datafield>
         <datafield tag="650" ind1=" " ind2="0">
            <subfield code="a">Environmental policy</subfield>
            <subfield code="z">Germany</subfield>
         </datafield>
         <datafield tag="650" ind1=" " ind2="7">
            <subfield code="a">Umweltökonomie</subfield>
            <subfield code="0">(DE-588)4061638-1</subfield>
            <subfield code="2">gnd</subfield>
         </datafield>
         <datafield tag="650" ind1=" " ind2="7">
            <subfield code="a">Umweltökonomie</subfield>
            <subfield code="2">idsbb</subfield>
         </datafield>
         <datafield tag="650" ind1=" " ind2="7">
            <subfield code="a">Environnement</subfield>
            <subfield code="2">rero</subfield>
         </datafield>
         <datafield tag="650" ind1=" " ind2="7">
            <subfield code="a">Conditions économiques</subfield>
            <subfield code="2">rero</subfield>
         </datafield>
         <datafield tag="651" ind1=" " ind2="0">
            <subfield code="a">Germany</subfield>
            <subfield code="x">Economic conditions</subfield>
         </datafield>
         <datafield tag="655" ind1=" " ind2="7">
            <subfield code="a">Lehrbuch</subfield>
            <subfield code="2">gnd-content</subfield>
         </datafield>
         <datafield tag="655" ind1=" " ind2="7">
            <subfield code="a">Manuels d'enseignement</subfield>
            <subfield code="2">rero</subfield>
         </datafield>
         <datafield tag="690" ind1=" " ind2="7">
            <subfield code="B">u</subfield>
            <subfield code="a">*Q 3</subfield>
            <subfield code="d">Nonrenewable resources and conservation</subfield>
            <subfield code="2">idsuzh UN</subfield>
         </datafield>
         <datafield tag="690" ind1=" " ind2="7">
            <subfield code="B">u</subfield>
            <subfield code="a">504.03</subfield>
            <subfield code="d">Ökologische, soziale und politische Gesichtspunkte, Umwelt- und Naturschutz</subfield>
            <subfield code="2">idsuzh UK</subfield>
         </datafield>
         <datafield tag="690" ind1=" " ind2="7">
            <subfield code="B">u</subfield>
            <subfield code="a">32</subfield>
            <subfield code="d">Politik</subfield>
            <subfield code="2">idsuzh UK</subfield>
         </datafield>
         <datafield tag="690" ind1=" " ind2="7">
            <subfield code="B">u</subfield>
            <subfield code="a">33</subfield>
            <subfield code="d">Wirtschaftswissenschaften</subfield>
            <subfield code="2">idsuzh UK</subfield>
         </datafield>
         <datafield tag="690" ind1=" " ind2="7">
            <subfield code="B">u</subfield>
            <subfield code="a">Umweltökonomie</subfield>
            <subfield code="2">idsbb F1</subfield>
         </datafield>
         <datafield tag="691" ind1=" " ind2="7">
            <subfield code="B">u</subfield>
            <subfield code="a">SCHADENERSATZHAFTPFLICHT + SCHADENERSATZKLAGE (SCHULDRECHT)</subfield>
            <subfield code="z">ger</subfield>
            <subfield code="u">347.513</subfield>
            <subfield code="2">nebis E1</subfield>
         </datafield>
         <datafield tag="691" ind1=" " ind2="7">
            <subfield code="B">u</subfield>
            <subfield code="a">UMWELTPOLITIK + UMWELTSCHUTZPOLITIK + NATURSCHUTZPOLITIK (POLITIK)</subfield>
            <subfield code="z">ger</subfield>
            <subfield code="u">323*10</subfield>
            <subfield code="2">nebis E1</subfield>
         </datafield>
         <datafield tag="691" ind1=" " ind2="7">
            <subfield code="B">u</subfield>
            <subfield code="a">DROIT DE LA PROTECTION DE L'ENVIRONNEMENT</subfield>
            <subfield code="z">fre</subfield>
            <subfield code="u">349.6,11</subfield>
            <subfield code="2">nebis E1</subfield>
         </datafield>
         <datafield tag="691" ind1=" " ind2="7">
            <subfield code="B">u</subfield>
            <subfield code="a">UMWELTÖKONOMIE + ÖKOLOGISCHE WIRTSCHAFT</subfield>
            <subfield code="z">ger</subfield>
            <subfield code="u">330,023.11</subfield>
            <subfield code="2">nebis E1</subfield>
         </datafield>
         <datafield tag="691" ind1=" " ind2="7">
            <subfield code="B">u</subfield>
            <subfield code="a">LIABILITY FOR DAMAGES + ACTION FOR DAMAGES (LAW OF OBLIGATIONS)</subfield>
            <subfield code="z">eng</subfield>
            <subfield code="u">347.513</subfield>
            <subfield code="2">nebis E1</subfield>
         </datafield>
         <datafield tag="691" ind1=" " ind2="7">
            <subfield code="B">u</subfield>
            <subfield code="a">RESPONSABILITÉ CIVILE POUR DOMMAGES-INTÉRÊTS + ACTION EN DOMMAGES-INTÉRÊTS (DROIT DES OBLIGATIONS)</subfield>
            <subfield code="z">fre</subfield>
            <subfield code="u">347.513</subfield>
            <subfield code="2">nebis E1</subfield>
         </datafield>
         <datafield tag="691" ind1=" " ind2="7">
            <subfield code="B">u</subfield>
            <subfield code="a">ENVIRONMENTAL POLICY + ENVIRONMENTAL PROTECTION POLICY + NATURE CONSERVATION POLICY (POLITICS)</subfield>
            <subfield code="z">eng</subfield>
            <subfield code="u">323*10</subfield>
            <subfield code="2">nebis E1</subfield>
         </datafield>
         <datafield tag="691" ind1=" " ind2="7">
            <subfield code="B">u</subfield>
            <subfield code="a">POLITIQUE DE L'ENVIRONNEMENT + POLITIQUE DE PROTECTION DE L'ENVIRONNEMENT + POLITIQUE DE PROTECTION DE LA NATURE (POLITIQUE)</subfield>
            <subfield code="z">fre</subfield>
            <subfield code="u">323*10</subfield>
            <subfield code="2">nebis E1</subfield>
         </datafield>
         <datafield tag="691" ind1=" " ind2="7">
            <subfield code="B">u</subfield>
            <subfield code="a">ENVIRONMENTAL PROTECTION LAW</subfield>
            <subfield code="z">eng</subfield>
            <subfield code="u">349.6,11</subfield>
            <subfield code="2">nebis E1</subfield>
         </datafield>
         <datafield tag="691" ind1=" " ind2="7">
            <subfield code="B">u</subfield>
            <subfield code="a">UMWELTSCHUTZRECHT</subfield>
            <subfield code="z">ger</subfield>
            <subfield code="u">349.6,11</subfield>
            <subfield code="2">nebis E1</subfield>
         </datafield>
         <datafield tag="691" ind1=" " ind2="7">
            <subfield code="B">u</subfield>
            <subfield code="a">ENVIRONMENTAL ECONOMICS + ECOLOGICAL ECONOMICS</subfield>
            <subfield code="z">eng</subfield>
            <subfield code="u">330,023.11</subfield>
            <subfield code="2">nebis E1</subfield>
         </datafield>
         <datafield tag="691" ind1=" " ind2="7">
            <subfield code="B">u</subfield>
            <subfield code="a">ÉCONOMIE DE L'ENVIRONNEMENT + ÉCONOMIE ÉCOLOGIQUE</subfield>
            <subfield code="z">fre</subfield>
            <subfield code="u">330,023.11</subfield>
            <subfield code="2">nebis E1</subfield>
         </datafield>
         <datafield tag="898" ind1=" " ind2=" ">
            <subfield code="a">BK020000</subfield>
            <subfield code="b">XK020000</subfield>
            <subfield code="c">XK020000</subfield>
         </datafield>
         <datafield tag="909" ind1=" " ind2="7">
            <subfield code="a">E43ANH-2005</subfield>
            <subfield code="2">nebis E5</subfield>
         </datafield>
         <datafield tag="909" ind1=" " ind2="7">
            <subfield code="a">nlu</subfield>
            <subfield code="2">idsbb A</subfield>
         </datafield>
         <datafield tag="912" ind1=" " ind2="7">
            <subfield code="a">wi</subfield>
            <subfield code="2">SzZuIDS BS/BE</subfield>
         </datafield>
         <datafield tag="912" ind1=" " ind2="7">
            <subfield code="a">uw</subfield>
            <subfield code="2">SzZuIDS BS/BE</subfield>
         </datafield>
         <datafield tag="949" ind1=" " ind2=" ">
            <subfield code="B">NEBIS</subfield>
            <subfield code="F">E03</subfield>
            <subfield code="j">25 | 25939</subfield>
         </datafield>
         <datafield tag="949" ind1=" " ind2=" ">
            <subfield code="B">NEBIS</subfield>
            <subfield code="F">E19</subfield>
            <subfield code="j">96748</subfield>
         </datafield>
         <datafield tag="949" ind1=" " ind2=" ">
            <subfield code="B">NEBIS</subfield>
            <subfield code="F">UEZEN</subfield>
            <subfield code="j">*Yi/En 1.1</subfield>
         </datafield>
         <datafield tag="949" ind1=" " ind2=" ">
            <subfield code="B">RERO</subfield>
            <subfield code="F">RE01001</subfield>
            <subfield code="c">RE010010001</subfield>
            <subfield code="j">NA 94.3038</subfield>
         </datafield>
         <datafield tag="949" ind1=" " ind2=" ">
            <subfield code="B">RERO</subfield>
            <subfield code="F">RE01042</subfield>
            <subfield code="c">RE010420001</subfield>
            <subfield code="j">DR D 25 g ENDR 1994</subfield>
            <subfield code="s">TDB 33664</subfield>
            <subfield code="z">Sem. für Völker- und Europarecht</subfield>
         </datafield>
         <datafield tag="949" ind1=" " ind2=" ">
            <subfield code="B">IDSSG</subfield>
            <subfield code="F">HSG</subfield>
            <subfield code="c">UG</subfield>
            <subfield code="j">AR 28300 E56 U5</subfield>
         </datafield>
         <datafield tag="949" ind1=" " ind2=" ">
            <subfield code="B">NEBIS</subfield>
            <subfield code="F">Z01</subfield>
            <subfield code="c">03</subfield>
            <subfield code="j">GD 34164</subfield>
         </datafield>
         <datafield tag="949" ind1=" " ind2=" ">
            <subfield code="B">IDSBB</subfield>
            <subfield code="F">A248</subfield>
            <subfield code="c">FH</subfield>
            <subfield code="j">IFS_Q.2 100</subfield>
            <subfield code="x">Akz.: ba/isoz/g</subfield>
         </datafield>
         <datafield tag="949" ind1=" " ind2=" ">
            <subfield code="B">IDSBB</subfield>
            <subfield code="F">A100</subfield>
            <subfield code="c">100FM</subfield>
            <subfield code="j">UBH Oz 37721</subfield>
            <subfield code="x">Akz: ba/uub-/k/234809</subfield>
         </datafield>
         <datafield tag="949" ind1=" " ind2=" ">
            <subfield code="B">NEBIS</subfield>
            <subfield code="F">UFBI</subfield>
            <subfield code="c">ULSTM</subfield>
            <subfield code="j">504.03 Nr. 114</subfield>
         </datafield>
         <datafield tag="949" ind1=" " ind2=" ">
            <subfield code="B">NEBIS</subfield>
            <subfield code="F">E01</subfield>
            <subfield code="c">03</subfield>
            <subfield code="j">851454</subfield>
         </datafield>
         <datafield tag="949" ind1=" " ind2=" ">
            <subfield code="B">NEBIS</subfield>
            <subfield code="F">UECON</subfield>
            <subfield code="c">ULMZN</subfield>
            <subfield code="j">IEW Q 1013</subfield>
         </datafield>
         <datafield tag="949" ind1=" " ind2=" ">
            <subfield code="B">IDSBB</subfield>
            <subfield code="F">A198</subfield>
            <subfield code="c">MAG</subfield>
            <subfield code="j">GEO-NLU_2.47.4/ 5</subfield>
            <subfield code="x">Akz: ba/igeo/k/20660</subfield>
         </datafield>
         <datafield tag="949" ind1=" " ind2=" ">
            <subfield code="B">IDSBB</subfield>
            <subfield code="F">B400</subfield>
            <subfield code="c">400E7</subfield>
            <subfield code="j">BeM XXA 15260</subfield>
            <subfield code="s">BNE T WIR 173</subfield>
            <subfield code="x">Akz: be/uoek/k/03033</subfield>
         </datafield>
         <datafield tag="949" ind1=" " ind2=" ">
            <subfield code="B">IDSBB</subfield>
            <subfield code="F">B400</subfield>
            <subfield code="c">400E7</subfield>
            <subfield code="j">BeM XXA 18099</subfield>
            <subfield code="s">BNE T WIR 487</subfield>
            <subfield code="x">Akz: be/uoek/k/08834</subfield>
         </datafield>
         <datafield tag="949" ind1=" " ind2=" ">
            <subfield code="B">IDSBB</subfield>
            <subfield code="F">B400</subfield>
            <subfield code="c">400J3</subfield>
            <subfield code="j">BeM ZB Jus XXXIII 8050</subfield>
            <subfield code="x">Akz: be/stub/k/95/87533</subfield>
         </datafield>
         <datafield tag="949" ind1=" " ind2=" ">
            <subfield code="B">NEBIS</subfield>
            <subfield code="F">E60</subfield>
            <subfield code="c">E60TA</subfield>
            <subfield code="j">QT_000// 401</subfield>
         </datafield>
         <datafield tag="949" ind1=" " ind2=" ">
            <subfield code="B">NEBIS</subfield>
            <subfield code="F">E51</subfield>
            <subfield code="c">E51BW</subfield>
            <subfield code="j">WM 338.927 Endr Umw</subfield>
         </datafield>
         <datafield tag="950" ind1=" " ind2=" ">
            <subfield code="B">NEBIS</subfield>
            <subfield code="P">100</subfield>
            <subfield code="E">1-</subfield>
            <subfield code="a">Endres</subfield>
            <subfield code="D">Alfred</subfield>
         </datafield>
         <datafield tag="950" ind1=" " ind2=" ">
            <subfield code="B">IDSSG</subfield>
            <subfield code="P">100</subfield>
            <subfield code="E">1-</subfield>
            <subfield code="a">Endres</subfield>
            <subfield code="D">Alfred</subfield>
         </datafield>
         <datafield tag="950" ind1=" " ind2=" ">
            <subfield code="B">IDSBB</subfield>
            <subfield code="P">100</subfield>
            <subfield code="E">1-</subfield>
            <subfield code="a">Endres</subfield>
            <subfield code="D">Alfred</subfield>
         </datafield>
         <datafield tag="950" ind1=" " ind2=" ">
            <subfield code="B">RERO</subfield>
            <subfield code="P">100</subfield>
            <subfield code="E">1-</subfield>
            <subfield code="a">Endres</subfield>
            <subfield code="D">Alfred</subfield>
         </datafield>
         <datafield tag="986" ind1=" " ind2=" ">
            <subfield code="a">SWISSBIB</subfield>
            <subfield code="b">27358247X</subfield>
         </datafield>
      <datafield tag="949" ind1=" " ind2=" "><subfield code="B">IDSSG</subfield><subfield code="F">HIFF</subfield><subfield code="c">BIB</subfield><subfield code="j">WD 221</subfield></datafield></record>