
<record xmlns:xs="http://www.w3.org/2001/XMLSchema">
         <leader>     cam a22        4500</leader>
         <controlfield tag="001">309741335</controlfield>
         <controlfield tag="003">CHVBK</controlfield>
         <controlfield tag="005">20171120162123.0</controlfield>
         <controlfield tag="008">140131s1982    xxu           00    eng d</controlfield>
         <datafield tag="020" ind1=" " ind2=" ">
            <subfield code="a">0-917616-48-0 (paper) 0917616499 (hard)</subfield>
         </datafield>
         <datafield tag="035" ind1=" " ind2=" ">
            <subfield code="a">(RERO)0541311</subfield>
         </datafield>
         <datafield tag="035" ind1=" " ind2=" ">
            <subfield code="a">(IDSSG)000201772</subfield>
         </datafield>
         <datafield tag="040" ind1=" " ind2=" ">
            <subfield code="a">CH-MyRERO</subfield>
            <subfield code="d">CHVBK</subfield>
         </datafield>
         <datafield tag="072" ind1=" " ind2="7">
            <subfield code="a">s1se</subfield>
            <subfield code="2">rero</subfield>
         </datafield>
         <datafield tag="245" ind1="0" ind2="4">
            <subfield code="a">The Federal Budget</subfield>
            <subfield code="b">economics and politics</subfield>
            <subfield code="c">Aaron Wildavsky, Michael J. Boskin ed ; James W. Abellera, Marcy E. Avrin ... [et al.]</subfield>
         </datafield>
         <datafield tag="260" ind1=" " ind2=" ">
            <subfield code="a">San Francisco Calif</subfield>
            <subfield code="b">Institute for Contemporary Studies</subfield>
            <subfield code="c">cop. 1982</subfield>
         </datafield>
         <datafield tag="300" ind1=" " ind2=" ">
            <subfield code="a">XII, 411 p</subfield>
            <subfield code="b">ill</subfield>
            <subfield code="c">21 cm</subfield>
         </datafield>
         <datafield tag="650" ind1=" " ind2="7">
            <subfield code="a">Budget</subfield>
            <subfield code="2">rero</subfield>
         </datafield>
         <datafield tag="650" ind1=" " ind2="7">
            <subfield code="a">Wirtschaftspolitik</subfield>
            <subfield code="0">(DE-588)4066493-4</subfield>
            <subfield code="2">gnd</subfield>
         </datafield>
         <datafield tag="650" ind1=" " ind2="7">
            <subfield code="a">Finanzwissenschaft</subfield>
            <subfield code="0">(DE-588)4121273-3</subfield>
            <subfield code="2">gnd</subfield>
         </datafield>
         <datafield tag="650" ind1=" " ind2="7">
            <subfield code="a">Öffentlicher Haushalt</subfield>
            <subfield code="0">(DE-588)4043173-3</subfield>
            <subfield code="2">gnd</subfield>
         </datafield>
         <datafield tag="651" ind1=" " ind2="7">
            <subfield code="a">Etats-Unis</subfield>
            <subfield code="2">rero</subfield>
         </datafield>
         <datafield tag="651" ind1=" " ind2="7">
            <subfield code="a">USA</subfield>
            <subfield code="0">(DE-588)4078704-7</subfield>
            <subfield code="2">gnd</subfield>
         </datafield>
         <datafield tag="655" ind1=" " ind2="7">
            <subfield code="a">Études diverses</subfield>
            <subfield code="2">rero</subfield>
         </datafield>
         <datafield tag="700" ind1="1" ind2=" ">
            <subfield code="a">Wildavsky</subfield>
            <subfield code="D">Aaron</subfield>
         </datafield>
         <datafield tag="700" ind1="1" ind2=" ">
            <subfield code="a">Boskin</subfield>
            <subfield code="D">Michael J.</subfield>
         </datafield>
         <datafield tag="700" ind1="1" ind2=" ">
            <subfield code="a">Abellera</subfield>
            <subfield code="D">James W.</subfield>
         </datafield>
         <datafield tag="700" ind1="1" ind2=" ">
            <subfield code="a">Avrin</subfield>
            <subfield code="D">Marcy E.</subfield>
         </datafield>
         <datafield tag="950" ind1=" " ind2=" ">
            <subfield code="B">RERO</subfield>
            <subfield code="P">700</subfield>
            <subfield code="E">1-</subfield>
            <subfield code="a">Wildavsky</subfield>
            <subfield code="D">Aaron</subfield>
         </datafield>
         <datafield tag="950" ind1=" " ind2=" ">
            <subfield code="B">RERO</subfield>
            <subfield code="P">700</subfield>
            <subfield code="E">1-</subfield>
            <subfield code="a">Boskin</subfield>
            <subfield code="D">Michael J.</subfield>
         </datafield>
         <datafield tag="950" ind1=" " ind2=" ">
            <subfield code="B">RERO</subfield>
            <subfield code="P">700</subfield>
            <subfield code="E">1-</subfield>
            <subfield code="a">Abellera</subfield>
            <subfield code="D">James W.</subfield>
         </datafield>
         <datafield tag="950" ind1=" " ind2=" ">
            <subfield code="B">RERO</subfield>
            <subfield code="P">700</subfield>
            <subfield code="E">1-</subfield>
            <subfield code="a">Avrin</subfield>
            <subfield code="D">Marcy E.</subfield>
         </datafield>
         <datafield tag="950" ind1=" " ind2=" ">
            <subfield code="B">IDSSG</subfield>
            <subfield code="P">700</subfield>
            <subfield code="E">1-</subfield>
            <subfield code="a">Boskin</subfield>
            <subfield code="D">Michael J.</subfield>
         </datafield>
         <datafield tag="950" ind1=" " ind2=" ">
            <subfield code="B">IDSSG</subfield>
            <subfield code="P">700</subfield>
            <subfield code="E">1-</subfield>
            <subfield code="a">Wildavsky</subfield>
            <subfield code="D">Aaron</subfield>
         </datafield>
         <datafield tag="898" ind1=" " ind2=" ">
            <subfield code="a">BK020000</subfield>
            <subfield code="b">XK020000</subfield>
            <subfield code="c">XK020000</subfield>
         </datafield>
         <datafield tag="949" ind1=" " ind2=" ">
            <subfield code="B">RERO</subfield>
            <subfield code="F">RE31014</subfield>
            <subfield code="c">RE310140001</subfield>
            <subfield code="j">BSE E1/ 741</subfield>
         </datafield>
         <datafield tag="949" ind1=" " ind2=" ">
            <subfield code="B">IDSSG</subfield>
            <subfield code="F">HSG</subfield>
            <subfield code="c">BURON</subfield>
            <subfield code="j">+Vwl G 5414</subfield>
         </datafield>
      <datafield tag="949" ind1=" " ind2=" "><subfield code="B">IDSSG</subfield><subfield code="F">HIFF</subfield><subfield code="c">BIB</subfield><subfield code="j">VB 172</subfield></datafield></record>