
<record xmlns:xs="http://www.w3.org/2001/XMLSchema">
         <leader>     caa a22     4  4500</leader>
         <controlfield tag="001">180635824</controlfield>
         <controlfield tag="003">CHVBK</controlfield>
         <controlfield tag="005">20180731151229.0</controlfield>
         <controlfield tag="008">980529s1998    ne       b||| 100 0 eng| </controlfield>
         <datafield tag="010" ind1=" " ind2=" ">
            <subfield code="a">   98021730 </subfield>
         </datafield>
         <datafield tag="020" ind1=" " ind2=" ">
            <subfield code="a">90-411-1003-8</subfield>
         </datafield>
         <datafield tag="020" ind1=" " ind2=" ">
            <subfield code="a">978-90-411-1003-9</subfield>
         </datafield>
         <datafield tag="035" ind1=" " ind2=" ">
            <subfield code="a">(NEBIS)007080519</subfield>
         </datafield>
         <datafield tag="035" ind1=" " ind2=" ">
            <subfield code="a">(OCoLC)39269486</subfield>
         </datafield>
         <datafield tag="040" ind1=" " ind2=" ">
            <subfield code="a">DLC</subfield>
            <subfield code="d">SzZuIDS NEBIS UNI-RWI</subfield>
         </datafield>
         <datafield tag="041" ind1="0" ind2=" ">
            <subfield code="a">eng</subfield>
            <subfield code="a">fre</subfield>
            <subfield code="a">ger</subfield>
         </datafield>
         <datafield tag="050" ind1=" " ind2=" ">
            <subfield code="a">K4456.3</subfield>
            <subfield code="b">.C34 vol. 83a</subfield>
            <subfield code="a">K4542</subfield>
         </datafield>
         <datafield tag="082" ind1="0" ind2=" ">
            <subfield code="a">343.04 s</subfield>
            <subfield code="a">343.05/267</subfield>
            <subfield code="2">21</subfield>
         </datafield>
         <datafield tag="082" ind1="0" ind2="4">
            <subfield code="a">341.751</subfield>
            <subfield code="b">I572</subfield>
            <subfield code="2">20 ed</subfield>
         </datafield>
         <datafield tag="082" ind1="0" ind2="4">
            <subfield code="a">343.05/267</subfield>
         </datafield>
         <datafield tag="084" ind1=" " ind2=" ">
            <subfield code="a">86.61</subfield>
            <subfield code="2">bcl</subfield>
         </datafield>
         <datafield tag="245" ind1="0" ind2="0">
            <subfield code="a">Tax treatment of corporate losses</subfield>
            <subfield code="b">Traitement fiscal des pertes réalisées par les sociétés = Steuerliche Behandlung von Verlusten bei Körperschaften : subject 1</subfield>
            <subfield code="c">gen. reporter: Aage Michelsen ... [et al.]</subfield>
         </datafield>
         <datafield tag="260" ind1=" " ind2=" ">
            <subfield code="a">The Hague</subfield>
            <subfield code="b">Kluwer</subfield>
            <subfield code="c">1998</subfield>
         </datafield>
         <datafield tag="300" ind1=" " ind2=" ">
            <subfield code="a">900 S</subfield>
         </datafield>
         <datafield tag="500" ind1=" " ind2=" ">
            <subfield code="a">52nd Congress of the International Fiscal Association, London 1998</subfield>
         </datafield>
         <datafield tag="500" ind1=" " ind2=" ">
            <subfield code="a">Beitr. engl., 3 dt., 3 franz.</subfield>
         </datafield>
         <datafield tag="504" ind1=" " ind2=" ">
            <subfield code="a">Includes bibliographical references</subfield>
         </datafield>
         <datafield tag="650" ind1=" " ind2="0">
            <subfield code="a">Corporations</subfield>
            <subfield code="x">Taxation</subfield>
            <subfield code="x">Law and legislation</subfield>
            <subfield code="v">Congresses</subfield>
         </datafield>
         <datafield tag="650" ind1=" " ind2="0">
            <subfield code="a">Income tax deductions</subfield>
            <subfield code="v">Congresses</subfield>
         </datafield>
         <datafield tag="650" ind1=" " ind2="7">
            <subfield code="a">Belastingrecht</subfield>
            <subfield code="2">gtt</subfield>
         </datafield>
         <datafield tag="650" ind1=" " ind2="7">
            <subfield code="a">Verliezen</subfield>
            <subfield code="2">gtt</subfield>
         </datafield>
         <datafield tag="650" ind1=" " ind2="7">
            <subfield code="a">Ondernemingen</subfield>
            <subfield code="2">gtt</subfield>
         </datafield>
         <datafield tag="650" ind1=" " ind2="7">
            <subfield code="a">Droit fiscal (droit international)</subfield>
            <subfield code="2">ram</subfield>
         </datafield>
         <datafield tag="650" ind1=" " ind2="7">
            <subfield code="a">Entreprises</subfield>
            <subfield code="x">Impôts</subfield>
            <subfield code="x">Droit</subfield>
            <subfield code="2">ram</subfield>
         </datafield>
         <datafield tag="650" ind1=" " ind2="7">
            <subfield code="a">Impôt sur le revenu</subfield>
            <subfield code="x">Déductions</subfield>
            <subfield code="2">ram</subfield>
         </datafield>
         <datafield tag="650" ind1=" " ind2="7">
            <subfield code="a">Steuerrecht</subfield>
            <subfield code="0">(DE-588)4116614-0</subfield>
            <subfield code="2">gnd</subfield>
         </datafield>
         <datafield tag="650" ind1=" " ind2="7">
            <subfield code="a">Verlust</subfield>
            <subfield code="0">(DE-588)4187879-6</subfield>
            <subfield code="2">gnd</subfield>
         </datafield>
         <datafield tag="650" ind1=" " ind2="7">
            <subfield code="a">Kapitalgesellschaft</subfield>
            <subfield code="0">(DE-588)4129472-5</subfield>
            <subfield code="2">gnd</subfield>
         </datafield>
         <datafield tag="650" ind1=" " ind2="7">
            <subfield code="a">Rechtsvergleich</subfield>
            <subfield code="0">(DE-588)4115712-6</subfield>
            <subfield code="2">gnd</subfield>
         </datafield>
         <datafield tag="650" ind1=" " ind2="0">
            <subfield code="a">Corporations</subfield>
            <subfield code="v">Congresses</subfield>
            <subfield code="x">Taxation</subfield>
            <subfield code="x">Law and legislation</subfield>
         </datafield>
         <datafield tag="650" ind1=" " ind2="0">
            <subfield code="a">Corporations</subfield>
            <subfield code="x">Taxation</subfield>
         </datafield>
         <datafield tag="650" ind1=" " ind2="0">
            <subfield code="a">Corporations</subfield>
            <subfield code="x">Taxation</subfield>
            <subfield code="x">Law and legislation</subfield>
            <subfield code="x">Congresses</subfield>
         </datafield>
         <datafield tag="650" ind1=" " ind2="0">
            <subfield code="a">Double taxation</subfield>
            <subfield code="v">Congresses</subfield>
         </datafield>
         <datafield tag="650" ind1=" " ind2="0">
            <subfield code="a">Income tax deductions for losses</subfield>
            <subfield code="v">Congresses</subfield>
         </datafield>
         <datafield tag="650" ind1=" " ind2="0">
            <subfield code="a">Income tax deductions for losses</subfield>
            <subfield code="x">Congresses</subfield>
         </datafield>
         <datafield tag="700" ind1="1" ind2=" ">
            <subfield code="a">Michelsen</subfield>
            <subfield code="D">Aage</subfield>
         </datafield>
         <datafield tag="711" ind1="2" ind2=" ">
            <subfield code="a">International Fiscal Association</subfield>
            <subfield code="e">Congress</subfield>
            <subfield code="0">(DE-588)1092024336</subfield>
         </datafield>
         <datafield tag="773" ind1=" " ind2="A">
            <subfield code="t">Cahiers de droit fiscal international</subfield>
            <subfield code="g">vol. 83a (1998)</subfield>
            <subfield code="1">1998</subfield>
            <subfield code="2">83</subfield>
            <subfield code="w">(NEBIS)000985789</subfield>
            <subfield code="9">134143221</subfield>
         </datafield>
         <datafield tag="909" ind1=" " ind2="7">
            <subfield code="a">rwiana201203p</subfield>
            <subfield code="c">irell 120314</subfield>
            <subfield code="2">idszbz Z2</subfield>
         </datafield>
         <datafield tag="913" ind1=" " ind2=" ">
            <subfield code="c">London (Great Britain)</subfield>
            <subfield code="a">Kongress = Congrès</subfield>
            <subfield code="b">1998</subfield>
         </datafield>
         <datafield tag="950" ind1=" " ind2=" ">
            <subfield code="B">NEBIS</subfield>
            <subfield code="P">700</subfield>
            <subfield code="E">1-</subfield>
            <subfield code="a">Michelsen</subfield>
            <subfield code="D">Aage</subfield>
         </datafield>
         <datafield tag="950" ind1=" " ind2=" ">
            <subfield code="B">NEBIS</subfield>
            <subfield code="P">711</subfield>
            <subfield code="E">2-</subfield>
            <subfield code="a">International Fiscal Association</subfield>
            <subfield code="e">Congress</subfield>
            <subfield code="0">(DE-588)1092024336</subfield>
         </datafield>
         <datafield tag="950" ind1=" " ind2=" ">
            <subfield code="B">NEBIS</subfield>
            <subfield code="P">773</subfield>
            <subfield code="E">-A</subfield>
            <subfield code="t">Cahiers de droit fiscal international</subfield>
            <subfield code="g">vol. 83a (1998)</subfield>
            <subfield code="1">1998</subfield>
            <subfield code="2">83</subfield>
            <subfield code="w">(NEBIS)000985789</subfield>
            <subfield code="9">134143221</subfield>
         </datafield>
         <datafield tag="898" ind1=" " ind2=" ">
            <subfield code="a">BK010800</subfield>
            <subfield code="b">XK010000</subfield>
            <subfield code="c">XK010000</subfield>
         </datafield>
      <datafield tag="949" ind1=" " ind2=" "><subfield code="B">IDSSG</subfield><subfield code="F">HIFF</subfield><subfield code="c">BIB</subfield><subfield code="j">LC 0301 083.1</subfield></datafield></record>