
<record xmlns:xs="http://www.w3.org/2001/XMLSchema">
         <leader>     cam a22     4  4500</leader>
         <controlfield tag="001">274987880</controlfield>
         <controlfield tag="003">CHVBK</controlfield>
         <controlfield tag="005">20190131083253.0</controlfield>
         <controlfield tag="008">130818s1989    sz            00    ger d</controlfield>
         <datafield tag="019" ind1=" " ind2=" ">
            <subfield code="a">Konvertierte Aufnahme Dobis</subfield>
            <subfield code="5">26.04.2003 BGR</subfield>
         </datafield>
         <datafield tag="020" ind1=" " ind2=" ">
            <subfield code="a">3-7253-0369-X</subfield>
         </datafield>
         <datafield tag="035" ind1=" " ind2=" ">
            <subfield code="a">(LIBIB)000034162</subfield>
         </datafield>
         <datafield tag="035" ind1=" " ind2=" ">
            <subfield code="a">(KBTG)33160</subfield>
         </datafield>
         <datafield tag="035" ind1=" " ind2=" ">
            <subfield code="a">(SNL)991007772859703976</subfield>
         </datafield>
         <datafield tag="035" ind1=" " ind2=" ">
            <subfield code="a">(IDSBB)000625129</subfield>
         </datafield>
         <datafield tag="035" ind1=" " ind2=" ">
            <subfield code="a">(NEBIS)001093006</subfield>
         </datafield>
         <datafield tag="035" ind1=" " ind2=" ">
            <subfield code="a">(ALEX)993205544101791</subfield>
         </datafield>
         <datafield tag="035" ind1=" " ind2=" ">
            <subfield code="a">(IDSSG)000021002</subfield>
         </datafield>
         <datafield tag="035" ind1=" " ind2=" ">
            <subfield code="a">(BGR)000000218</subfield>
         </datafield>
         <datafield tag="035" ind1=" " ind2=" ">
            <subfield code="a">(ALEX)9910710014101791</subfield>
         </datafield>
         <datafield tag="035" ind1=" " ind2=" ">
            <subfield code="a">(SGBN)000103982</subfield>
         </datafield>
         <datafield tag="035" ind1=" " ind2=" ">
            <subfield code="a">(IDSLU)000046789</subfield>
         </datafield>
         <datafield tag="035" ind1=" " ind2=" ">
            <subfield code="a">(ABN)000012543</subfield>
         </datafield>
         <datafield tag="035" ind1=" " ind2=" ">
            <subfield code="a">(Sz)970206-41snl_51</subfield>
         </datafield>
         <datafield tag="035" ind1=" " ind2=" ">
            <subfield code="a">(Sz)vtls000970206</subfield>
         </datafield>
         <datafield tag="035" ind1=" " ind2=" ">
            <subfield code="a">(Sz)000970206</subfield>
         </datafield>
         <datafield tag="040" ind1=" " ind2=" ">
            <subfield code="a">LI-VaLIL FLLB</subfield>
         </datafield>
         <datafield tag="082" ind1="1" ind2=" ">
            <subfield code="a">300</subfield>
            <subfield code="2">15</subfield>
         </datafield>
         <datafield tag="082" ind1="0" ind2="4">
            <subfield code="a">368.409494</subfield>
            <subfield code="b">So55w</subfield>
            <subfield code="2">20</subfield>
         </datafield>
         <datafield tag="084" ind1=" " ind2=" ">
            <subfield code="a">MG 32920</subfield>
            <subfield code="2">rvk</subfield>
         </datafield>
         <datafield tag="084" ind1=" " ind2=" ">
            <subfield code="a">QX 000</subfield>
            <subfield code="2">rvk</subfield>
         </datafield>
         <datafield tag="091" ind1=" " ind2=" ">
            <subfield code="a">FL00111117BE38DC51DB8C125717000337688</subfield>
         </datafield>
         <datafield tag="100" ind1="1" ind2=" ">
            <subfield code="a">Sommer</subfield>
            <subfield code="D">Jürg H.</subfield>
         </datafield>
         <datafield tag="245" ind1="1" ind2="0">
            <subfield code="a">Wandel der Lebensformen und soziale Sicherheit in der Schweiz</subfield>
            <subfield code="b">Forschungsstand und Wissenslücken</subfield>
            <subfield code="c">Jürg H. Sommer, François Höpflinger</subfield>
         </datafield>
         <datafield tag="260" ind1=" " ind2=" ">
            <subfield code="a">Grüsch</subfield>
            <subfield code="b">Rüegger</subfield>
            <subfield code="c">1989</subfield>
         </datafield>
         <datafield tag="300" ind1=" " ind2=" ">
            <subfield code="a">152 S</subfield>
            <subfield code="b">Ill</subfield>
            <subfield code="c">21 cm</subfield>
         </datafield>
         <datafield tag="490" ind1="1" ind2=" ">
            <subfield code="a">Nationales Forschungsprogramm. 29, Lebensformen und soziale Sicherheit</subfield>
            <subfield code="w">(LIBIB)000291239</subfield>
            <subfield code="9">323541445</subfield>
         </datafield>
         <datafield tag="500" ind1=" " ind2=" ">
            <subfield code="a">Vorstudie zum Nationalen Forschungsprogramm 29 "Lebensformen und soziale Sicherheit" des Schweizerischen Nationalfonds</subfield>
         </datafield>
         <datafield tag="504" ind1=" " ind2=" ">
            <subfield code="a">Literaturverz</subfield>
         </datafield>
         <datafield tag="520" ind1="3" ind2=" ">
            <subfield code="a">In dieser Vorstudie soll der Stand der Schweizerischen Forschung in den Bereichen "Wandel der Lebensformen" und "soziale Sicherheit" dokumentiert und aufgezeigt werden, wo die grössten Wissenslücken und Forschungsdefizite bestehen</subfield>
         </datafield>
         <datafield tag="650" ind1=" " ind2="7">
            <subfield code="a">Sozialer Wandel</subfield>
            <subfield code="z">Schweiz</subfield>
            <subfield code="2">idsbb</subfield>
         </datafield>
         <datafield tag="650" ind1=" " ind2="7">
            <subfield code="a">Soziale Sicherheit</subfield>
            <subfield code="z">Schweiz</subfield>
            <subfield code="2">idsbb</subfield>
         </datafield>
         <datafield tag="650" ind1=" " ind2="0">
            <subfield code="a">Social security</subfield>
            <subfield code="z">Switzerland</subfield>
         </datafield>
         <datafield tag="650" ind1=" " ind2="7">
            <subfield code="a">Lebensform</subfield>
            <subfield code="0">(DE-588)4034863-5</subfield>
            <subfield code="2">gnd</subfield>
         </datafield>
         <datafield tag="650" ind1=" " ind2="7">
            <subfield code="a">Familienerziehung</subfield>
            <subfield code="0">(DE-588)4016409-3</subfield>
            <subfield code="2">gnd</subfield>
         </datafield>
         <datafield tag="650" ind1=" " ind2="7">
            <subfield code="a">Solidarität</subfield>
            <subfield code="0">(DE-588)4055429-6</subfield>
            <subfield code="2">gnd</subfield>
         </datafield>
         <datafield tag="650" ind1=" " ind2="7">
            <subfield code="a">Soziale Sicherheit</subfield>
            <subfield code="2">idszbz</subfield>
         </datafield>
         <datafield tag="650" ind1=" " ind2="7">
            <subfield code="a">Forschungsprojekt</subfield>
            <subfield code="0">(DE-588)4155053-5</subfield>
            <subfield code="2">gnd</subfield>
         </datafield>
         <datafield tag="650" ind1=" " ind2="7">
            <subfield code="a">Lebensführung</subfield>
            <subfield code="2">idszbz</subfield>
         </datafield>
         <datafield tag="650" ind1=" " ind2="7">
            <subfield code="a">Sozioökonomischer Wandel</subfield>
            <subfield code="0">(DE-588)4318539-3</subfield>
            <subfield code="2">gnd</subfield>
         </datafield>
         <datafield tag="650" ind1=" " ind2="7">
            <subfield code="a">Forschung</subfield>
            <subfield code="2">idszbz</subfield>
         </datafield>
         <datafield tag="650" ind1=" " ind2="7">
            <subfield code="a">Soziologie</subfield>
            <subfield code="2">jurivoc</subfield>
         </datafield>
         <datafield tag="650" ind1=" " ind2="7">
            <subfield code="a">Bevölkerung</subfield>
            <subfield code="2">jurivoc</subfield>
         </datafield>
         <datafield tag="650" ind1=" " ind2="7">
            <subfield code="a">Sozialpolitik</subfield>
            <subfield code="2">jurivoc</subfield>
         </datafield>
         <datafield tag="650" ind1=" " ind2="7">
            <subfield code="a">Sozialversicherung</subfield>
            <subfield code="2">jurivoc</subfield>
         </datafield>
         <datafield tag="650" ind1=" " ind2="7">
            <subfield code="a">Soziale Sicherheit</subfield>
            <subfield code="0">(DE-588)4055732-7</subfield>
            <subfield code="2">gnd</subfield>
         </datafield>
         <datafield tag="650" ind1=" " ind2="7">
            <subfield code="a">Sozialer Wandel</subfield>
            <subfield code="0">(DE-588)4077587-2</subfield>
            <subfield code="2">gnd</subfield>
         </datafield>
         <datafield tag="650" ind1="0" ind2="7">
            <subfield code="a">Lebensform</subfield>
            <subfield code="0">(DE-588)4034863-5</subfield>
            <subfield code="2">gnd</subfield>
         </datafield>
         <datafield tag="650" ind1="0" ind2="7">
            <subfield code="a">Soziale Sicherheit</subfield>
            <subfield code="0">(DE-588)4055732-7</subfield>
            <subfield code="2">gnd</subfield>
         </datafield>
         <datafield tag="651" ind1=" " ind2="0">
            <subfield code="a">Switzerland</subfield>
            <subfield code="x">Social conditions</subfield>
         </datafield>
         <datafield tag="651" ind1=" " ind2="7">
            <subfield code="a">Schweiz</subfield>
            <subfield code="2">idszbz</subfield>
         </datafield>
         <datafield tag="651" ind1=" " ind2="7">
            <subfield code="a">Schweiz</subfield>
            <subfield code="0">(DE-588)4053881-3</subfield>
            <subfield code="2">gnd</subfield>
         </datafield>
         <datafield tag="690" ind1=" " ind2="7">
            <subfield code="B">u</subfield>
            <subfield code="a">Wandel; Familienforschung; Forschungsprogramm; Sozialversicherung; Armut; Alleinerziehende; Arbeitsbedingungen; Erwerbstätigkeit; Lebensform; Schweiz; Sozialhilfe; Altern; Tendenz; Trend; Mode; Einleitung; Entwicklung; Recherche; Unternehmensziel; Arbeitsgestaltung; Auflösung; Lohndifferenzierung; Selbsthilfe; Veränderung; Defizit; Altersaufbau; Beschäftigung; Ehe; Frauen; Netzwerk; Aufgabe; Folge; Haushalt; Literatur; Prognose; Schwerpunkt; ehrenamtliche Arbeit; soziologie des Wohnens</subfield>
            <subfield code="2">ids J1</subfield>
         </datafield>
         <datafield tag="690" ind1=" " ind2="7">
            <subfield code="B">u</subfield>
            <subfield code="a">Alleinleben; Arbeitslosenforschung; Armutsforschung; Kinderlosigkeit; Pflegebedürftigkeit; Rollenwandel; Statuswandel; Familienauflösung; Forschungsdefizit; Forschungsschwerpunkt; Forschungsstand; Beschäftigungswunder; Erwerbsbiographie; Konsensualpaar; Nationalfond; Sonderforschungsbereich; Wandlunge; Wissenslücke; Zweitfamilie</subfield>
            <subfield code="2">ids J2</subfield>
         </datafield>
         <datafield tag="690" ind1=" " ind2="7">
            <subfield code="B">u</subfield>
            <subfield code="a">wirtschaftliche Lage; zunehmende Erwerbstätigkeit; öffentliche Sozialhilfe; demografisches Altern; demografischer Trend; erwartete Folge; nationales Forschungsprogramm; private Sozialhilfe; schweizerischer Nationalfond; schweizerisches System; soziale Lage; soziales Netzwerk; soziale Sicherheit; volkswirtschaftliche Bedeutung; weibliche Erwerbstätigkeit; wirtschaftliche Armut; zitierte Literatur; öffentliche Sozialhilfe</subfield>
            <subfield code="2">ids J3</subfield>
         </datafield>
         <datafield tag="690" ind1=" " ind2="7">
            <subfield code="B">u</subfield>
            <subfield code="a">privat Sozialhilfe Wandlungen; Schweiz Forschungsstand Wissenslücken; Sommer Francois Höpflinger; Vie et securite sociale; weiblich Erwerbstätigkeit Erwerbsbiographien</subfield>
            <subfield code="2">ids J5</subfield>
         </datafield>
         <datafield tag="690" ind1=" " ind2="7">
            <subfield code="B">u</subfield>
            <subfield code="a">Schweiz. 20. Jh. I</subfield>
            <subfield code="2">idsbb AF</subfield>
         </datafield>
         <datafield tag="690" ind1=" " ind2="7">
            <subfield code="B">u</subfield>
            <subfield code="a">Schweiz. 20. Jh. II</subfield>
            <subfield code="2">idsbb AF</subfield>
         </datafield>
         <datafield tag="690" ind1=" " ind2="7">
            <subfield code="B">u</subfield>
            <subfield code="a">Sozialgeschichte. Schweiz. 20. Jh</subfield>
            <subfield code="2">idsbb AF</subfield>
         </datafield>
         <datafield tag="690" ind1=" " ind2="7">
            <subfield code="B">u</subfield>
            <subfield code="a">Arbeiter. Schweiz</subfield>
            <subfield code="2">idsbb AF</subfield>
         </datafield>
         <datafield tag="690" ind1=" " ind2="7">
            <subfield code="B">u</subfield>
            <subfield code="a">Familie. Schweiz</subfield>
            <subfield code="2">idsbb AF</subfield>
         </datafield>
         <datafield tag="690" ind1=" " ind2="7">
            <subfield code="B">u</subfield>
            <subfield code="a">Frau. Schweiz</subfield>
            <subfield code="2">idsbb AF</subfield>
         </datafield>
         <datafield tag="690" ind1=" " ind2="7">
            <subfield code="B">u</subfield>
            <subfield code="a">Armenwesen. Schweiz</subfield>
            <subfield code="2">idsbb AF</subfield>
         </datafield>
         <datafield tag="690" ind1=" " ind2="7">
            <subfield code="B">u</subfield>
            <subfield code="a">Sozialpolitik. Schweiz</subfield>
            <subfield code="2">idsbb AF</subfield>
         </datafield>
         <datafield tag="690" ind1=" " ind2="7">
            <subfield code="B">u</subfield>
            <subfield code="a">Sozialer Wandel</subfield>
            <subfield code="2">idsbb BW</subfield>
         </datafield>
         <datafield tag="690" ind1=" " ind2="7">
            <subfield code="B">u</subfield>
            <subfield code="a">Gesellschaft allgemein</subfield>
            <subfield code="2">idsbb BW</subfield>
         </datafield>
         <datafield tag="690" ind1=" " ind2="7">
            <subfield code="B">u</subfield>
            <subfield code="a">Soziale Sicherheit / Schweiz</subfield>
            <subfield code="2">idsbb G8</subfield>
         </datafield>
         <datafield tag="690" ind1=" " ind2="7">
            <subfield code="B">u</subfield>
            <subfield code="a">Wertewandel</subfield>
            <subfield code="2">idsbb G8</subfield>
         </datafield>
         <datafield tag="690" ind1=" " ind2="7">
            <subfield code="B">u</subfield>
            <subfield code="a">Familie / Schweiz</subfield>
            <subfield code="2">idsbb G8</subfield>
         </datafield>
         <datafield tag="690" ind1=" " ind2="7">
            <subfield code="B">u</subfield>
            <subfield code="a">Lebensform</subfield>
            <subfield code="2">idsbb GB</subfield>
         </datafield>
         <datafield tag="690" ind1=" " ind2="7">
            <subfield code="B">u</subfield>
            <subfield code="a">Sozialer Wandel</subfield>
            <subfield code="2">idsbb GB</subfield>
         </datafield>
         <datafield tag="690" ind1=" " ind2="7">
            <subfield code="B">u</subfield>
            <subfield code="a">Sozialpolitik</subfield>
            <subfield code="2">idsbb GB</subfield>
         </datafield>
         <datafield tag="690" ind1=" " ind2="7">
            <subfield code="B">u</subfield>
            <subfield code="a">Schweiz : Sozialhilfe</subfield>
            <subfield code="2">idsbb FS</subfield>
         </datafield>
         <datafield tag="690" ind1=" " ind2="7">
            <subfield code="B">u</subfield>
            <subfield code="a">Schweiz : Soziologie</subfield>
            <subfield code="2">idsbb FS</subfield>
         </datafield>
         <datafield tag="690" ind1=" " ind2="7">
            <subfield code="B">u</subfield>
            <subfield code="a">*EJ01</subfield>
            <subfield code="d">Switzerland - Schweiz</subfield>
            <subfield code="2">idsuzh UI</subfield>
         </datafield>
         <datafield tag="690" ind1=" " ind2="7">
            <subfield code="B">u</subfield>
            <subfield code="a">170</subfield>
            <subfield code="d">History and culture change - Geschichte und Kulturwandel</subfield>
            <subfield code="2">idsuzh UI</subfield>
         </datafield>
         <datafield tag="690" ind1=" " ind2="7">
            <subfield code="B">u</subfield>
            <subfield code="a">464</subfield>
            <subfield code="d">Labor supply and employment - Arbeitsmarkt, Beschäftigungslage</subfield>
            <subfield code="2">idsuzh UI</subfield>
         </datafield>
         <datafield tag="690" ind1=" " ind2="7">
            <subfield code="B">u</subfield>
            <subfield code="a">562</subfield>
            <subfield code="d">Sex status - Geschlechterrollen</subfield>
            <subfield code="2">idsuzh UI</subfield>
         </datafield>
         <datafield tag="690" ind1=" " ind2="7">
            <subfield code="B">u</subfield>
            <subfield code="a">745</subfield>
            <subfield code="d">Social insurance - Sozialversicherung</subfield>
            <subfield code="2">idsuzh UI</subfield>
         </datafield>
         <datafield tag="690" ind1=" " ind2="7">
            <subfield code="B">u</subfield>
            <subfield code="a">Schweiz</subfield>
            <subfield code="2">idsuzh UH</subfield>
         </datafield>
         <datafield tag="690" ind1=" " ind2="7">
            <subfield code="B">u</subfield>
            <subfield code="a">Familie</subfield>
            <subfield code="2">idsuzh UH</subfield>
         </datafield>
         <datafield tag="690" ind1=" " ind2="7">
            <subfield code="B">u</subfield>
            <subfield code="a">Frau</subfield>
            <subfield code="2">idsuzh UH</subfield>
         </datafield>
         <datafield tag="690" ind1=" " ind2="7">
            <subfield code="B">u</subfield>
            <subfield code="a">Sozialversicherung</subfield>
            <subfield code="2">idsuzh UH</subfield>
         </datafield>
         <datafield tag="690" ind1=" " ind2="7">
            <subfield code="B">u</subfield>
            <subfield code="a">210</subfield>
            <subfield code="d">Schweiz: Bevölkerungsgeographie</subfield>
            <subfield code="2">idsuzh UJ</subfield>
         </datafield>
         <datafield tag="690" ind1=" " ind2="7">
            <subfield code="B">u</subfield>
            <subfield code="a">sozialer Wandel</subfield>
            <subfield code="2">idsuzh UX</subfield>
         </datafield>
         <datafield tag="690" ind1=" " ind2="7">
            <subfield code="B">u</subfield>
            <subfield code="a">Demographie</subfield>
            <subfield code="2">idsuzh UX</subfield>
         </datafield>
         <datafield tag="690" ind1=" " ind2="7">
            <subfield code="B">u</subfield>
            <subfield code="a">Familie</subfield>
            <subfield code="2">idsuzh UX</subfield>
         </datafield>
         <datafield tag="690" ind1=" " ind2="7">
            <subfield code="B">u</subfield>
            <subfield code="a">Frau</subfield>
            <subfield code="2">idsuzh UX</subfield>
         </datafield>
         <datafield tag="690" ind1=" " ind2="7">
            <subfield code="B">u</subfield>
            <subfield code="a">Arbeit</subfield>
            <subfield code="2">idsuzh UX</subfield>
         </datafield>
         <datafield tag="690" ind1=" " ind2="7">
            <subfield code="B">u</subfield>
            <subfield code="a">J 2</subfield>
            <subfield code="d">Time allocation; work behavior; employment determination and creation = Zeitallokation, Arbeitsverhalten und Arbeitsangebot, Schaffung von Arbeitsplätzen</subfield>
            <subfield code="2">idsuzh VJ</subfield>
         </datafield>
         <datafield tag="690" ind1=" " ind2="7">
            <subfield code="B">u</subfield>
            <subfield code="a">I 3</subfield>
            <subfield code="d">Welfare and poverty = Wohlfahrt und Armut</subfield>
            <subfield code="2">idsuzh VJ</subfield>
         </datafield>
         <datafield tag="690" ind1=" " ind2="7">
            <subfield code="B">u</subfield>
            <subfield code="a">Sozialer Wandel</subfield>
            <subfield code="2">idsuzh VK</subfield>
         </datafield>
         <datafield tag="690" ind1=" " ind2="7">
            <subfield code="B">u</subfield>
            <subfield code="a">Sozialpolitik</subfield>
            <subfield code="2">idsuzh VK</subfield>
         </datafield>
         <datafield tag="690" ind1=" " ind2="7">
            <subfield code="B">u</subfield>
            <subfield code="a">Schweiz</subfield>
            <subfield code="2">idsuzh VK</subfield>
         </datafield>
         <datafield tag="690" ind1=" " ind2="7">
            <subfield code="B">u</subfield>
            <subfield code="a">Frau/Mann</subfield>
            <subfield code="2">idsuzh VK</subfield>
         </datafield>
         <datafield tag="690" ind1=" " ind2="7">
            <subfield code="B">u</subfield>
            <subfield code="a">Familie</subfield>
            <subfield code="2">idsuzh VK</subfield>
         </datafield>
         <datafield tag="690" ind1=" " ind2="7">
            <subfield code="B">u</subfield>
            <subfield code="a">Lebensstil/"Life-Style"</subfield>
            <subfield code="2">idsuzh VV</subfield>
         </datafield>
         <datafield tag="690" ind1=" " ind2="7">
            <subfield code="B">s</subfield>
            <subfield code="a">Sozialversicherungen</subfield>
            <subfield code="2">alex voc15</subfield>
         </datafield>
         <datafield tag="690" ind1=" " ind2="7">
            <subfield code="B">s</subfield>
            <subfield code="a">Demografie</subfield>
            <subfield code="2">alex voc15</subfield>
         </datafield>
         <datafield tag="690" ind1=" " ind2="7">
            <subfield code="B">s</subfield>
            <subfield code="a">Volkswirtschaft</subfield>
            <subfield code="2">alex voc15</subfield>
         </datafield>
         <datafield tag="690" ind1=" " ind2="7">
            <subfield code="B">s</subfield>
            <subfield code="a">Frau</subfield>
            <subfield code="2">alex helvetosaurus</subfield>
         </datafield>
         <datafield tag="690" ind1=" " ind2="7">
            <subfield code="B">s</subfield>
            <subfield code="a">Gleichstellung von Mann und Frau</subfield>
            <subfield code="2">alex helvetosaurus</subfield>
         </datafield>
         <datafield tag="690" ind1=" " ind2="7">
            <subfield code="B">s</subfield>
            <subfield code="a">Lebensbedingungen</subfield>
            <subfield code="2">alex helvetosaurus</subfield>
         </datafield>
         <datafield tag="690" ind1=" " ind2="7">
            <subfield code="B">s</subfield>
            <subfield code="a">Soziale Sicherheit</subfield>
            <subfield code="2">alex voc11</subfield>
         </datafield>
         <datafield tag="690" ind1=" " ind2="7">
            <subfield code="B">s</subfield>
            <subfield code="a">Familie (allgemein)</subfield>
            <subfield code="2">alex helvetosaurus</subfield>
         </datafield>
         <datafield tag="690" ind1=" " ind2="7">
            <subfield code="B">u</subfield>
            <subfield code="u">4.23</subfield>
            <subfield code="a">Gesundheitsökonomik</subfield>
            <subfield code="2">idssg H3</subfield>
         </datafield>
         <datafield tag="690" ind1=" " ind2="7">
            <subfield code="B">u</subfield>
            <subfield code="u">4</subfield>
            <subfield code="a">Soziale Sicherung</subfield>
            <subfield code="2">idssg H3</subfield>
         </datafield>
         <datafield tag="690" ind1=" " ind2="7">
            <subfield code="B">u</subfield>
            <subfield code="u">10.226</subfield>
            <subfield code="a">Schweiz</subfield>
            <subfield code="2">idssg H3</subfield>
         </datafield>
         <datafield tag="690" ind1=" " ind2="7">
            <subfield code="B">u</subfield>
            <subfield code="u">1.8</subfield>
            <subfield code="a">Trends in Gesellschaft und Sicherheit</subfield>
            <subfield code="2">idssg H3</subfield>
         </datafield>
         <datafield tag="690" ind1=" " ind2="7">
            <subfield code="B">u</subfield>
            <subfield code="a">Soziale Sicherheit</subfield>
            <subfield code="2">idssg HH</subfield>
         </datafield>
         <datafield tag="690" ind1=" " ind2="7">
            <subfield code="B">u</subfield>
            <subfield code="a">Schweiz</subfield>
            <subfield code="2">idssg HH</subfield>
         </datafield>
         <datafield tag="690" ind1=" " ind2="7">
            <subfield code="B">u</subfield>
            <subfield code="a">Sozioökonomischer Wandel</subfield>
            <subfield code="2">idssg HH</subfield>
         </datafield>
         <datafield tag="690" ind1=" " ind2="7">
            <subfield code="B">s</subfield>
            <subfield code="a">Demographie</subfield>
            <subfield code="2">alex midonas</subfield>
         </datafield>
         <datafield tag="690" ind1=" " ind2="7">
            <subfield code="B">s</subfield>
            <subfield code="a">Soziologie</subfield>
            <subfield code="2">alex midonas</subfield>
         </datafield>
         <datafield tag="690" ind1=" " ind2="7">
            <subfield code="B">s</subfield>
            <subfield code="a">Sozialversicherung</subfield>
            <subfield code="2">alex midonas</subfield>
         </datafield>
         <datafield tag="690" ind1=" " ind2="7">
            <subfield code="B">s</subfield>
            <subfield code="a">Soziale Sicherheit</subfield>
            <subfield code="2">alex midonas</subfield>
         </datafield>
         <datafield tag="690" ind1=" " ind2="7">
            <subfield code="B">s</subfield>
            <subfield code="a">Frauen</subfield>
            <subfield code="2">alex midonas</subfield>
         </datafield>
         <datafield tag="690" ind1=" " ind2="7">
            <subfield code="B">g</subfield>
            <subfield code="a">Schweiz</subfield>
            <subfield code="2">alex midonas</subfield>
         </datafield>
         <datafield tag="690" ind1=" " ind2="7">
            <subfield code="B">s</subfield>
            <subfield code="a">Soziale Sicherheit</subfield>
            <subfield code="x">Schweiz</subfield>
            <subfield code="2">sgbn S</subfield>
         </datafield>
         <datafield tag="690" ind1=" " ind2="7">
            <subfield code="B">g</subfield>
            <subfield code="a">Schweiz</subfield>
            <subfield code="x">Soziale Sicherheit</subfield>
            <subfield code="2">sgbn S</subfield>
         </datafield>
         <datafield tag="690" ind1=" " ind2="7">
            <subfield code="B">u</subfield>
            <subfield code="a">Soziale Sicherheit. Schweiz. A</subfield>
            <subfield code="2">idslu L1</subfield>
         </datafield>
         <datafield tag="690" ind1=" " ind2="7">
            <subfield code="B">u</subfield>
            <subfield code="a">Bevölkerung. Schweiz. A</subfield>
            <subfield code="2">idslu L1</subfield>
         </datafield>
         <datafield tag="690" ind1=" " ind2="7">
            <subfield code="B">u</subfield>
            <subfield code="a">Sozialer Wandel. Schweiz. A</subfield>
            <subfield code="2">idslu L1</subfield>
         </datafield>
         <datafield tag="690" ind1=" " ind2="7">
            <subfield code="B">u</subfield>
            <subfield code="a">Soziale Sicherheit</subfield>
            <subfield code="2">abn YA</subfield>
         </datafield>
         <datafield tag="690" ind1=" " ind2="7">
            <subfield code="B">u</subfield>
            <subfield code="a">Schweiz</subfield>
            <subfield code="2">abn YA</subfield>
         </datafield>
         <datafield tag="691" ind1=" " ind2="7">
            <subfield code="B">u</subfield>
            <subfield code="u">(494)</subfield>
            <subfield code="a">Schweiz</subfield>
            <subfield code="2">libib XD</subfield>
         </datafield>
         <datafield tag="691" ind1=" " ind2="7">
            <subfield code="B">u</subfield>
            <subfield code="u">316.42</subfield>
            <subfield code="a">Gesellschaftlicher Wandel</subfield>
            <subfield code="c">Soziologie</subfield>
            <subfield code="2">libib XD</subfield>
         </datafield>
         <datafield tag="691" ind1=" " ind2="7">
            <subfield code="B">u</subfield>
            <subfield code="u">336.5</subfield>
            <subfield code="a">Öffentliche Ausgaben</subfield>
            <subfield code="2">libib XD</subfield>
         </datafield>
         <datafield tag="691" ind1=" " ind2="7">
            <subfield code="B">u</subfield>
            <subfield code="u">368.43</subfield>
            <subfield code="a">Soziale Altersversicherung. AHV (Sozialversicherung). Invalidenversicherung</subfield>
            <subfield code="2">libib XD</subfield>
         </datafield>
         <datafield tag="691" ind1=" " ind2="7">
            <subfield code="B">u</subfield>
            <subfield code="a">SOZIALE SICHERHEIT</subfield>
            <subfield code="z">ger</subfield>
            <subfield code="u">336,01.044</subfield>
            <subfield code="2">nebis E1</subfield>
         </datafield>
         <datafield tag="691" ind1=" " ind2="7">
            <subfield code="B">u</subfield>
            <subfield code="a">SCHWEIZ (MITTELEUROPA). SCHWEIZERISCHE EIDGENOSSENSCHAFT</subfield>
            <subfield code="z">ger</subfield>
            <subfield code="u">(494)</subfield>
            <subfield code="2">nebis E1</subfield>
         </datafield>
         <datafield tag="691" ind1=" " ind2="7">
            <subfield code="B">u</subfield>
            <subfield code="a">SOCIAL SECURITY</subfield>
            <subfield code="z">eng</subfield>
            <subfield code="u">336,01.044</subfield>
            <subfield code="2">nebis E1</subfield>
         </datafield>
         <datafield tag="691" ind1=" " ind2="7">
            <subfield code="B">u</subfield>
            <subfield code="a">SÉCURITÉ SOCIALE</subfield>
            <subfield code="z">fre</subfield>
            <subfield code="u">336,01.044</subfield>
            <subfield code="2">nebis E1</subfield>
         </datafield>
         <datafield tag="691" ind1=" " ind2="7">
            <subfield code="B">u</subfield>
            <subfield code="a">SUISSE (EUROPE CENTRALE). CONFÉDÉRATION SUISSE</subfield>
            <subfield code="z">fre</subfield>
            <subfield code="u">(494)</subfield>
            <subfield code="2">nebis E1</subfield>
         </datafield>
         <datafield tag="691" ind1=" " ind2="7">
            <subfield code="B">u</subfield>
            <subfield code="a">SWITZERLAND (CENTRAL EUROPE). SWISS CONFEDERATION</subfield>
            <subfield code="z">eng</subfield>
            <subfield code="u">(494)</subfield>
            <subfield code="2">nebis E1</subfield>
         </datafield>
         <datafield tag="700" ind1="1" ind2=" ">
            <subfield code="a">Höpflinger</subfield>
            <subfield code="D">François</subfield>
         </datafield>
         <datafield tag="830" ind1=" " ind2="0">
            <subfield code="a">NFPNR</subfield>
            <subfield code="v">29</subfield>
         </datafield>
         <datafield tag="856" ind1=" " ind2=" ">
            <subfield code="a">http://doc1.lbfl.li</subfield>
            <subfield code="d">/aai</subfield>
            <subfield code="f">000A063077.pdf</subfield>
            <subfield code="u">http://doc1.lbfl.li/aai/000A063077.pdf</subfield>
            <subfield code="z">Inhaltsverzeichnis (pdf)</subfield>
            <subfield code="2">file</subfield>
            <subfield code="3">Inhaltsverzeichnis</subfield>
         </datafield>
         <datafield tag="898" ind1=" " ind2=" ">
            <subfield code="a">BK020000</subfield>
            <subfield code="b">XK020000</subfield>
            <subfield code="c">XK020000</subfield>
         </datafield>
         <datafield tag="909" ind1=" " ind2="7">
            <subfield code="a">rwimon201007l</subfield>
            <subfield code="c">paru 100719</subfield>
            <subfield code="2">idszbz Z2</subfield>
         </datafield>
         <datafield tag="909" ind1=" " ind2="7">
            <subfield code="c">greo</subfield>
            <subfield code="2">bgr P</subfield>
         </datafield>
         <datafield tag="912" ind1=" " ind2="7">
            <subfield code="a">sw</subfield>
            <subfield code="2">FL</subfield>
         </datafield>
         <datafield tag="912" ind1=" " ind2="7">
            <subfield code="a">so</subfield>
            <subfield code="2">SzZuIDS BS/BE</subfield>
         </datafield>
         <datafield tag="912" ind1=" " ind2="7">
            <subfield code="a">vw</subfield>
            <subfield code="2">SzZuIDS BS/BE</subfield>
         </datafield>
         <datafield tag="912" ind1=" " ind2="7">
            <subfield code="a">M133</subfield>
            <subfield code="2">Z01</subfield>
         </datafield>
         <datafield tag="912" ind1=" " ind2="7">
            <subfield code="a">sw</subfield>
            <subfield code="2">SGBN</subfield>
         </datafield>
         <datafield tag="912" ind1=" " ind2="7">
            <subfield code="a">140</subfield>
            <subfield code="2">IDS LU</subfield>
         </datafield>
         <datafield tag="949" ind1=" " ind2=" ">
            <subfield code="B">SNL</subfield>
            <subfield code="F">NB001</subfield>
            <subfield code="j">N 195377</subfield>
            <subfield code="c">NB10010</subfield>
         </datafield>
         <datafield tag="949" ind1=" " ind2=" ">
            <subfield code="B">NEBIS</subfield>
            <subfield code="F">E19</subfield>
            <subfield code="j">88882</subfield>
         </datafield>
         <datafield tag="949" ind1=" " ind2=" ">
            <subfield code="B">NEBIS</subfield>
            <subfield code="F">UESZ</subfield>
            <subfield code="j">ESZ EJ: 69</subfield>
         </datafield>
         <datafield tag="949" ind1=" " ind2=" ">
            <subfield code="B">NEBIS</subfield>
            <subfield code="F">UEZEN</subfield>
            <subfield code="j">Pa V 62</subfield>
         </datafield>
         <datafield tag="949" ind1=" " ind2=" ">
            <subfield code="B">NEBIS</subfield>
            <subfield code="F">UIFE</subfield>
            <subfield code="j">Ka 286</subfield>
         </datafield>
         <datafield tag="949" ind1=" " ind2=" ">
            <subfield code="B">NEBIS</subfield>
            <subfield code="F">UIPZ</subfield>
            <subfield code="j">IPZ 6.1-488</subfield>
         </datafield>
         <datafield tag="949" ind1=" " ind2=" ">
            <subfield code="B">NEBIS</subfield>
            <subfield code="F">USIUZ</subfield>
            <subfield code="j">J 1174</subfield>
         </datafield>
         <datafield tag="949" ind1=" " ind2=" ">
            <subfield code="B">NEBIS</subfield>
            <subfield code="F">USTAZ</subfield>
            <subfield code="j">Bc 4.14</subfield>
         </datafield>
         <datafield tag="949" ind1=" " ind2=" ">
            <subfield code="B">NEBIS</subfield>
            <subfield code="F">UVK</subfield>
            <subfield code="j">Ka 490</subfield>
         </datafield>
         <datafield tag="949" ind1=" " ind2=" ">
            <subfield code="B">NEBIS</subfield>
            <subfield code="F">Z16</subfield>
            <subfield code="j">Zb 127</subfield>
         </datafield>
         <datafield tag="949" ind1=" " ind2=" ">
            <subfield code="B">KBTG</subfield>
            <subfield code="F">KBS</subfield>
            <subfield code="j">BA 7916</subfield>
         </datafield>
         <datafield tag="949" ind1=" " ind2=" ">
            <subfield code="B">ALEX</subfield>
            <subfield code="F">BIG</subfield>
            <subfield code="j">BIG SECO G 1044</subfield>
            <subfield code="c">Magazin1</subfield>
         </datafield>
         <datafield tag="949" ind1=" " ind2=" ">
            <subfield code="B">ALEX</subfield>
            <subfield code="F">BIG</subfield>
            <subfield code="j">BIG EBG Es 053</subfield>
            <subfield code="c">Magazin1</subfield>
         </datafield>
         <datafield tag="949" ind1=" " ind2=" ">
            <subfield code="B">ALEX</subfield>
            <subfield code="F">BFS</subfield>
            <subfield code="j">BFS 10100 99 38 000000 0002</subfield>
            <subfield code="c">Archiv</subfield>
         </datafield>
         <datafield tag="949" ind1=" " ind2=" ">
            <subfield code="B">ALEX</subfield>
            <subfield code="F">BIG</subfield>
            <subfield code="j">BIG B 4260</subfield>
            <subfield code="c">Magazin1</subfield>
         </datafield>
         <datafield tag="949" ind1=" " ind2=" ">
            <subfield code="B">ALEX</subfield>
            <subfield code="F">MILAK</subfield>
            <subfield code="j">MILAK M SOZ 90</subfield>
            <subfield code="c">Bibliothek</subfield>
         </datafield>
         <datafield tag="949" ind1=" " ind2=" ">
            <subfield code="B">ALEX</subfield>
            <subfield code="F">BIG</subfield>
            <subfield code="j">BIG B 4260</subfield>
            <subfield code="c">Magazin1</subfield>
         </datafield>
         <datafield tag="949" ind1=" " ind2=" ">
            <subfield code="B">IDSBB</subfield>
            <subfield code="F">B589</subfield>
            <subfield code="c">589AR</subfield>
            <subfield code="j">VW J.V.b 46</subfield>
            <subfield code="x">REKATA1100412</subfield>
         </datafield>
         <datafield tag="949" ind1=" " ind2=" ">
            <subfield code="B">IDSLU</subfield>
            <subfield code="F">LUZHB</subfield>
            <subfield code="c">SBIZB</subfield>
            <subfield code="j">R.h 7679 (1)</subfield>
         </datafield>
         <datafield tag="949" ind1=" " ind2=" ">
            <subfield code="B">IDSLU</subfield>
            <subfield code="F">LUZHB</subfield>
            <subfield code="c">SBIZB</subfield>
            <subfield code="j">R.h 7679 (2)</subfield>
         </datafield>
         <datafield tag="949" ind1=" " ind2=" ">
            <subfield code="B">LIBIB</subfield>
            <subfield code="F">FLLB</subfield>
            <subfield code="c">MA</subfield>
            <subfield code="j">PX 37126</subfield>
            <subfield code="x">Akz: va/lbfl/E/63525</subfield>
         </datafield>
         <datafield tag="949" ind1=" " ind2=" ">
            <subfield code="B">IDSSG</subfield>
            <subfield code="F">HFHS</subfield>
            <subfield code="c">BIB</subfield>
            <subfield code="j">QX 000 S697 W24</subfield>
         </datafield>
         <datafield tag="949" ind1=" " ind2=" ">
            <subfield code="B">LIBIB</subfield>
            <subfield code="F">FLLIN</subfield>
            <subfield code="c">LINBI</subfield>
            <subfield code="j">MS 1222 S697</subfield>
         </datafield>
         <datafield tag="949" ind1=" " ind2=" ">
            <subfield code="B">IDSBB</subfield>
            <subfield code="F">B445</subfield>
            <subfield code="c">445EG</subfield>
            <subfield code="j">Gosteli 40598</subfield>
            <subfield code="x">Gosteli/G</subfield>
         </datafield>
         <datafield tag="949" ind1=" " ind2=" ">
            <subfield code="B">NEBIS</subfield>
            <subfield code="F">E97</subfield>
            <subfield code="c">E97E1</subfield>
            <subfield code="j">QX 000  S697</subfield>
         </datafield>
         <datafield tag="949" ind1=" " ind2=" ">
            <subfield code="B">NEBIS</subfield>
            <subfield code="F">Z01</subfield>
            <subfield code="c">03</subfield>
            <subfield code="j">GU 985 EX.2</subfield>
         </datafield>
         <datafield tag="949" ind1=" " ind2=" ">
            <subfield code="B">NEBIS</subfield>
            <subfield code="F">Z01</subfield>
            <subfield code="c">03</subfield>
            <subfield code="j">GU 985</subfield>
         </datafield>
         <datafield tag="949" ind1=" " ind2=" ">
            <subfield code="B">NEBIS</subfield>
            <subfield code="F">N06</subfield>
            <subfield code="c">N06FH</subfield>
            <subfield code="j">NA 507</subfield>
         </datafield>
         <datafield tag="949" ind1=" " ind2=" ">
            <subfield code="B">IDSBB</subfield>
            <subfield code="F">A202</subfield>
            <subfield code="c">FH</subfield>
            <subfield code="j">DG SC 3807</subfield>
            <subfield code="x">Akz: ba/ihs-/u</subfield>
         </datafield>
         <datafield tag="949" ind1=" " ind2=" ">
            <subfield code="B">IDSBB</subfield>
            <subfield code="F">A248</subfield>
            <subfield code="c">FH</subfield>
            <subfield code="j">IFS_J.10 104</subfield>
            <subfield code="x">Akz: ba/isoz/k</subfield>
         </datafield>
         <datafield tag="949" ind1=" " ind2=" ">
            <subfield code="B">IDSBB</subfield>
            <subfield code="F">A360</subfield>
            <subfield code="c">FH</subfield>
            <subfield code="j">FfG 4.1  / 8</subfield>
         </datafield>
         <datafield tag="949" ind1=" " ind2=" ">
            <subfield code="B">IDSBB</subfield>
            <subfield code="F">B492</subfield>
            <subfield code="c">FH</subfield>
            <subfield code="j">HIS Sl 56</subfield>
         </datafield>
         <datafield tag="949" ind1=" " ind2=" ">
            <subfield code="B">IDSBB</subfield>
            <subfield code="F">B492</subfield>
            <subfield code="c">FH</subfield>
            <subfield code="j">HIS Sl 56a</subfield>
            <subfield code="x">NELB4920804    Geschenk Frau Prof. B. Studer</subfield>
         </datafield>
         <datafield tag="949" ind1=" " ind2=" ">
            <subfield code="B">IDSBB</subfield>
            <subfield code="F">B500</subfield>
            <subfield code="c">FH</subfield>
            <subfield code="j">VRF_MG_32920 117</subfield>
            <subfield code="s">BEW FP 3. 14</subfield>
            <subfield code="x">Akz: be/ubew/k/app95166</subfield>
         </datafield>
         <datafield tag="949" ind1=" " ind2=" ">
            <subfield code="B">IDSBB</subfield>
            <subfield code="F">B500</subfield>
            <subfield code="c">FH</subfield>
            <subfield code="j">VRF_MG_32920 117+2</subfield>
            <subfield code="s">SZ 1401. 41</subfield>
         </datafield>
         <datafield tag="949" ind1=" " ind2=" ">
            <subfield code="B">SGBN</subfield>
            <subfield code="F">KSWIL</subfield>
            <subfield code="c">GGWIL</subfield>
            <subfield code="j">SCHWEIZ 12</subfield>
         </datafield>
         <datafield tag="949" ind1=" " ind2=" ">
            <subfield code="B">NEBIS</subfield>
            <subfield code="F">UFBI</subfield>
            <subfield code="c">ULGEZ</subfield>
            <subfield code="j">B/1989/0066</subfield>
         </datafield>
         <datafield tag="949" ind1=" " ind2=" ">
            <subfield code="B">NEBIS</subfield>
            <subfield code="F">E01</subfield>
            <subfield code="c">01</subfield>
            <subfield code="j">T 18427</subfield>
         </datafield>
         <datafield tag="949" ind1=" " ind2=" ">
            <subfield code="B">NEBIS</subfield>
            <subfield code="F">E44</subfield>
            <subfield code="c">E44MG</subfield>
            <subfield code="j">MCMU A 11095</subfield>
         </datafield>
         <datafield tag="949" ind1=" " ind2=" ">
            <subfield code="B">NEBIS</subfield>
            <subfield code="F">UECON</subfield>
            <subfield code="c">ULMZN</subfield>
            <subfield code="j">SOS N 1719</subfield>
         </datafield>
         <datafield tag="949" ind1=" " ind2=" ">
            <subfield code="B">IDSBB</subfield>
            <subfield code="F">A125</subfield>
            <subfield code="c">125MM</subfield>
            <subfield code="j">UBW RJ 10896</subfield>
            <subfield code="x">Akz: ba/uwwz/g/300700</subfield>
         </datafield>
         <datafield tag="949" ind1=" " ind2=" ">
            <subfield code="B">IDSBB</subfield>
            <subfield code="F">A125</subfield>
            <subfield code="c">125ST</subfield>
            <subfield code="j">SWA Vo K VI 1a</subfield>
            <subfield code="x">Akz: ba/uub-/k/140705</subfield>
         </datafield>
         <datafield tag="949" ind1=" " ind2=" ">
            <subfield code="B">IDSBB</subfield>
            <subfield code="F">A150</subfield>
            <subfield code="c">MAG</subfield>
            <subfield code="j">ZBS NB 2758</subfield>
         </datafield>
         <datafield tag="949" ind1=" " ind2=" ">
            <subfield code="B">IDSBB</subfield>
            <subfield code="F">B571</subfield>
            <subfield code="c">MAG</subfield>
            <subfield code="j">ZUW 402.00/ 6</subfield>
            <subfield code="x">Akz: be/ukwb/k</subfield>
         </datafield>
         <datafield tag="949" ind1=" " ind2=" ">
            <subfield code="B">SGBN</subfield>
            <subfield code="F">SGKBV</subfield>
            <subfield code="c">KM</subfield>
            <subfield code="j">E 9368(13)</subfield>
         </datafield>
         <datafield tag="949" ind1=" " ind2=" ">
            <subfield code="B">SGBN</subfield>
            <subfield code="F">SGKBV</subfield>
            <subfield code="c">KM</subfield>
            <subfield code="j">VMISC 24/3</subfield>
         </datafield>
         <datafield tag="949" ind1=" " ind2=" ">
            <subfield code="B">BGR</subfield>
            <subfield code="F">KBG</subfield>
            <subfield code="c">KBGMA</subfield>
            <subfield code="j">KBG Bu 2876</subfield>
         </datafield>
         <datafield tag="949" ind1=" " ind2=" ">
            <subfield code="B">BGR</subfield>
            <subfield code="F">KBG</subfield>
            <subfield code="c">KBGMA</subfield>
            <subfield code="j">KBG Uu 323</subfield>
         </datafield>
         <datafield tag="949" ind1=" " ind2=" ">
            <subfield code="B">ABN</subfield>
            <subfield code="F">AKB</subfield>
            <subfield code="c">AKBMA</subfield>
            <subfield code="j">AKB Z 9643</subfield>
         </datafield>
         <datafield tag="949" ind1=" " ind2=" ">
            <subfield code="B">IDSSG</subfield>
            <subfield code="F">HSG</subfield>
            <subfield code="c">BURON</subfield>
            <subfield code="j">MS 1222 S697 +3</subfield>
         </datafield>
         <datafield tag="949" ind1=" " ind2=" ">
            <subfield code="B">IDSBB</subfield>
            <subfield code="F">B400</subfield>
            <subfield code="c">400F3</subfield>
            <subfield code="j">BeM ZB Jus var 45524</subfield>
            <subfield code="x">Akz: be/stub/k/90/34555</subfield>
         </datafield>
         <datafield tag="950" ind1=" " ind2=" ">
            <subfield code="B">LIBIB</subfield>
            <subfield code="P">100</subfield>
            <subfield code="E">1-</subfield>
            <subfield code="a">Sommer</subfield>
            <subfield code="D">Jürg H.</subfield>
         </datafield>
         <datafield tag="950" ind1=" " ind2=" ">
            <subfield code="B">LIBIB</subfield>
            <subfield code="P">490</subfield>
            <subfield code="E">--</subfield>
            <subfield code="a">Nationales Forschungsprogramm. 29, Lebensformen und soziale Sicherheit</subfield>
            <subfield code="w">(LIBIB)000291239</subfield>
            <subfield code="9">323541445</subfield>
         </datafield>
         <datafield tag="950" ind1=" " ind2=" ">
            <subfield code="B">LIBIB</subfield>
            <subfield code="P">700</subfield>
            <subfield code="E">1-</subfield>
            <subfield code="a">Höpflinger</subfield>
            <subfield code="D">François</subfield>
         </datafield>
         <datafield tag="950" ind1=" " ind2=" ">
            <subfield code="B">LIBIB</subfield>
            <subfield code="P">856</subfield>
            <subfield code="E">--</subfield>
            <subfield code="a">http://doc1.lbfl.li</subfield>
            <subfield code="d">/aai</subfield>
            <subfield code="f">000A063077.pdf</subfield>
            <subfield code="u">http://doc1.lbfl.li/aai/000A063077.pdf</subfield>
            <subfield code="z">Inhaltsverzeichnis (pdf)</subfield>
            <subfield code="2">file</subfield>
            <subfield code="3">Inhaltsverzeichnis</subfield>
         </datafield>
         <datafield tag="950" ind1=" " ind2=" ">
            <subfield code="B">KBTG</subfield>
            <subfield code="P">100</subfield>
            <subfield code="E">1-</subfield>
            <subfield code="a">Sommer</subfield>
            <subfield code="D">Jürg H.</subfield>
            <subfield code="0">(DE-588)17040336X</subfield>
         </datafield>
         <datafield tag="950" ind1=" " ind2=" ">
            <subfield code="B">KBTG</subfield>
            <subfield code="P">700</subfield>
            <subfield code="E">1-</subfield>
            <subfield code="a">Höpflinger</subfield>
            <subfield code="D">François</subfield>
            <subfield code="0">(CH-000086-2)M239755</subfield>
         </datafield>
         <datafield tag="950" ind1=" " ind2=" ">
            <subfield code="B">KBTG</subfield>
            <subfield code="P">710</subfield>
            <subfield code="E">2-</subfield>
            <subfield code="a">Nationales Forschungsprogramm Wandel der Lebensformen und soziale Sicherheit</subfield>
            <subfield code="0">(CH-000086-2)M112214</subfield>
         </datafield>
         <datafield tag="950" ind1=" " ind2=" ">
            <subfield code="B">KBTG</subfield>
            <subfield code="P">710</subfield>
            <subfield code="E">2-</subfield>
            <subfield code="a">Schweizerischer Nationalfonds zur Förderung der wissenschaftlichen Forschung</subfield>
            <subfield code="0">(CH-000086-2)M2044</subfield>
         </datafield>
         <datafield tag="950" ind1=" " ind2=" ">
            <subfield code="B">KBTG</subfield>
            <subfield code="P">730</subfield>
            <subfield code="E">--</subfield>
            <subfield code="a">Lebensformen und soziale Sicherheit</subfield>
            <subfield code="0">(CH-000086-2)M482630</subfield>
         </datafield>
         <datafield tag="950" ind1=" " ind2=" ">
            <subfield code="B">SNL</subfield>
            <subfield code="P">100</subfield>
            <subfield code="E">1-</subfield>
            <subfield code="a">Sommer</subfield>
            <subfield code="D">Jürg H.</subfield>
         </datafield>
         <datafield tag="950" ind1=" " ind2=" ">
            <subfield code="B">SNL</subfield>
            <subfield code="P">700</subfield>
            <subfield code="E">1-</subfield>
            <subfield code="a">Höpflinger</subfield>
            <subfield code="D">François</subfield>
            <subfield code="d">1948-</subfield>
            <subfield code="0">(DE-588)115609830</subfield>
         </datafield>
         <datafield tag="950" ind1=" " ind2=" ">
            <subfield code="B">SNL</subfield>
            <subfield code="P">710</subfield>
            <subfield code="E">2-</subfield>
            <subfield code="a">Nationales Forschungsprogramm Wandel der Lebensformen und soziale Sicherheit</subfield>
         </datafield>
         <datafield tag="950" ind1=" " ind2=" ">
            <subfield code="B">SNL</subfield>
            <subfield code="P">710</subfield>
            <subfield code="E">2-</subfield>
            <subfield code="a">Schweizerischer Nationalfonds zur Förderung der Wissenschaftlichen Forschung</subfield>
            <subfield code="0">(DE-588)2021825-4</subfield>
         </datafield>
         <datafield tag="950" ind1=" " ind2=" ">
            <subfield code="B">SNL</subfield>
            <subfield code="P">730</subfield>
            <subfield code="E">--</subfield>
            <subfield code="a">Lebensformen und soziale Sicherheit</subfield>
         </datafield>
         <datafield tag="950" ind1=" " ind2=" ">
            <subfield code="B">IDSBB</subfield>
            <subfield code="P">100</subfield>
            <subfield code="E">1-</subfield>
            <subfield code="a">Sommer</subfield>
            <subfield code="D">Jürg H.</subfield>
         </datafield>
         <datafield tag="950" ind1=" " ind2=" ">
            <subfield code="B">IDSBB</subfield>
            <subfield code="P">700</subfield>
            <subfield code="E">1-</subfield>
            <subfield code="a">Höpflinger</subfield>
            <subfield code="D">François</subfield>
            <subfield code="d">1948-</subfield>
            <subfield code="0">(DE-588)115609830</subfield>
         </datafield>
         <datafield tag="950" ind1=" " ind2=" ">
            <subfield code="B">IDSBB</subfield>
            <subfield code="P">710</subfield>
            <subfield code="E">2-</subfield>
            <subfield code="a">Schweizerischer Nationalfonds zur Förderung der Wissenschaftlichen Forschung</subfield>
            <subfield code="b">Nationales Forschungsprogramm Lebensformen und Soziale Sicherheit</subfield>
            <subfield code="0">(DE-588)2109258-8</subfield>
         </datafield>
         <datafield tag="950" ind1=" " ind2=" ">
            <subfield code="B">IDSBB</subfield>
            <subfield code="P">710</subfield>
            <subfield code="E">2-</subfield>
            <subfield code="a">Schweizerischer Nationalfonds zur Förderung der Wissenschaftlichen Forschung</subfield>
            <subfield code="0">(DE-588)2021825-4</subfield>
         </datafield>
         <datafield tag="950" ind1=" " ind2=" ">
            <subfield code="B">NEBIS</subfield>
            <subfield code="P">100</subfield>
            <subfield code="E">1-</subfield>
            <subfield code="a">Sommer</subfield>
            <subfield code="D">Jürg H.</subfield>
         </datafield>
         <datafield tag="950" ind1=" " ind2=" ">
            <subfield code="B">NEBIS</subfield>
            <subfield code="P">700</subfield>
            <subfield code="E">1-</subfield>
            <subfield code="a">Höpflinger</subfield>
            <subfield code="D">François</subfield>
            <subfield code="d">1948-</subfield>
            <subfield code="0">(DE-588)115609830</subfield>
         </datafield>
         <datafield tag="950" ind1=" " ind2=" ">
            <subfield code="B">NEBIS</subfield>
            <subfield code="P">710</subfield>
            <subfield code="E">2-</subfield>
            <subfield code="a">Schweizerischer Nationalfonds zur Förderung der Wissenschaftlichen Forschung</subfield>
            <subfield code="b">Nationales Forschungsprogramm Lebensformen und Soziale Sicherheit</subfield>
            <subfield code="0">(DE-588)2109258-8</subfield>
         </datafield>
         <datafield tag="950" ind1=" " ind2=" ">
            <subfield code="B">ALEX</subfield>
            <subfield code="P">710</subfield>
            <subfield code="E">2-</subfield>
            <subfield code="a">Nationales Forschungsprogramm Wandel der Lebensformen und soziale Sicherheit</subfield>
         </datafield>
         <datafield tag="950" ind1=" " ind2=" ">
            <subfield code="B">ALEX</subfield>
            <subfield code="P">710</subfield>
            <subfield code="E">2-</subfield>
            <subfield code="a">Schweizerischer Nationalfonds zur Förderung der Wissenschaftlichen Forschung</subfield>
         </datafield>
         <datafield tag="950" ind1=" " ind2=" ">
            <subfield code="B">IDSSG</subfield>
            <subfield code="P">100</subfield>
            <subfield code="E">1-</subfield>
            <subfield code="a">Sommer</subfield>
            <subfield code="D">Jürg H.</subfield>
         </datafield>
         <datafield tag="950" ind1=" " ind2=" ">
            <subfield code="B">IDSSG</subfield>
            <subfield code="P">700</subfield>
            <subfield code="E">1-</subfield>
            <subfield code="a">Höpflinger</subfield>
            <subfield code="D">François</subfield>
         </datafield>
         <datafield tag="950" ind1=" " ind2=" ">
            <subfield code="B">IDSSG</subfield>
            <subfield code="P">710</subfield>
            <subfield code="E">2-</subfield>
            <subfield code="a">Schweizerischer Nationalfonds zur Förderung der Wissenschaftlichen Forschung</subfield>
            <subfield code="b">Nationales Forschungsprogramm Lebensformen und Soziale Sicherheit</subfield>
            <subfield code="0">(DE-588)2109258-8</subfield>
         </datafield>
         <datafield tag="950" ind1=" " ind2=" ">
            <subfield code="B">BGR</subfield>
            <subfield code="P">100</subfield>
            <subfield code="E">1-</subfield>
            <subfield code="a">Sommer</subfield>
            <subfield code="D">Jürg H.</subfield>
         </datafield>
         <datafield tag="950" ind1=" " ind2=" ">
            <subfield code="B">BGR</subfield>
            <subfield code="P">490</subfield>
            <subfield code="E">--</subfield>
            <subfield code="a">Nationales Forschungsprogramm 29 : Lebensformen und soziale Sicherheit</subfield>
         </datafield>
         <datafield tag="950" ind1=" " ind2=" ">
            <subfield code="B">BGR</subfield>
            <subfield code="P">700</subfield>
            <subfield code="E">1-</subfield>
            <subfield code="a">Höpflinger</subfield>
            <subfield code="D">François</subfield>
         </datafield>
         <datafield tag="950" ind1=" " ind2=" ">
            <subfield code="B">ALEX</subfield>
            <subfield code="P">100</subfield>
            <subfield code="E">1-</subfield>
            <subfield code="a">Sommer</subfield>
            <subfield code="D">Jürg H.</subfield>
         </datafield>
         <datafield tag="950" ind1=" " ind2=" ">
            <subfield code="B">ALEX</subfield>
            <subfield code="P">700</subfield>
            <subfield code="E">1-</subfield>
            <subfield code="a">Höpflinger</subfield>
            <subfield code="D">François</subfield>
         </datafield>
         <datafield tag="950" ind1=" " ind2=" ">
            <subfield code="B">ALEX</subfield>
            <subfield code="P">490</subfield>
            <subfield code="E">1-</subfield>
            <subfield code="a">NFPNR</subfield>
            <subfield code="v">Nr. 29</subfield>
         </datafield>
         <datafield tag="950" ind1=" " ind2=" ">
            <subfield code="B">ALEX</subfield>
            <subfield code="P">830</subfield>
            <subfield code="E">--</subfield>
            <subfield code="a">NFPNR</subfield>
            <subfield code="v">29</subfield>
         </datafield>
         <datafield tag="950" ind1=" " ind2=" ">
            <subfield code="B">SGBN</subfield>
            <subfield code="P">100</subfield>
            <subfield code="E">1-</subfield>
            <subfield code="a">Sommer</subfield>
            <subfield code="D">Jürg H.</subfield>
         </datafield>
         <datafield tag="950" ind1=" " ind2=" ">
            <subfield code="B">SGBN</subfield>
            <subfield code="P">700</subfield>
            <subfield code="E">1-</subfield>
            <subfield code="a">Höpflinger</subfield>
            <subfield code="D">François</subfield>
         </datafield>
         <datafield tag="950" ind1=" " ind2=" ">
            <subfield code="B">SGBN</subfield>
            <subfield code="P">710</subfield>
            <subfield code="E">2-</subfield>
            <subfield code="a">Nationales Forschungsprogramm Lebensformen und soziale Sicherheit</subfield>
         </datafield>
         <datafield tag="950" ind1=" " ind2=" ">
            <subfield code="B">IDSLU</subfield>
            <subfield code="P">100</subfield>
            <subfield code="E">1-</subfield>
            <subfield code="a">Sommer</subfield>
            <subfield code="D">Jürg H.</subfield>
         </datafield>
         <datafield tag="950" ind1=" " ind2=" ">
            <subfield code="B">IDSLU</subfield>
            <subfield code="P">700</subfield>
            <subfield code="E">1-</subfield>
            <subfield code="a">Höpflinger</subfield>
            <subfield code="D">François</subfield>
            <subfield code="d">1948-</subfield>
            <subfield code="0">(DE-588)115609830</subfield>
         </datafield>
         <datafield tag="950" ind1=" " ind2=" ">
            <subfield code="B">ABN</subfield>
            <subfield code="P">100</subfield>
            <subfield code="E">1-</subfield>
            <subfield code="a">Sommer</subfield>
            <subfield code="D">Jürg H.</subfield>
         </datafield>
         <datafield tag="950" ind1=" " ind2=" ">
            <subfield code="B">ABN</subfield>
            <subfield code="P">700</subfield>
            <subfield code="E">1-</subfield>
            <subfield code="a">Höpflinger</subfield>
            <subfield code="D">François</subfield>
         </datafield>
         <datafield tag="956" ind1="4" ind2=" ">
            <subfield code="B">BGR</subfield>
            <subfield code="C">BGR51</subfield>
            <subfield code="D">BGR01</subfield>
            <subfield code="a">KBG</subfield>
            <subfield code="u">http://aleph.gr.ch:80/F?func=service&amp;doc_library=BGR01&amp;local_base=BGR01&amp;doc_number=000000218&amp;sequence=000001&amp;line_number=0001&amp;func_code=DB_RECORDS&amp;service_type=MEDIA</subfield>
            <subfield code="d">$alephe_root/../ADAM-Objekte/view/4</subfield>
            <subfield code="f">218_000156197.pdf</subfield>
            <subfield code="q">pdf</subfield>
            <subfield code="x">VIEW</subfield>
            <subfield code="y">Titelseite und Inhaltsverzeichnis</subfield>
         </datafield>
         <datafield tag="986" ind1=" " ind2=" ">
            <subfield code="a">SWISSBIB</subfield>
            <subfield code="b">274987880</subfield>
         </datafield>
      <datafield tag="949" ind1=" " ind2=" "><subfield code="B">IDSSG</subfield><subfield code="F">HIFF</subfield><subfield code="c">BIB</subfield><subfield code="j">AF 232</subfield></datafield></record>