
<record xmlns:xs="http://www.w3.org/2001/XMLSchema">
         <leader>     cam a22     u  4500</leader>
         <controlfield tag="001">289006902</controlfield>
         <controlfield tag="003">CHVBK</controlfield>
         <controlfield tag="005">20190130073524.0</controlfield>
         <controlfield tag="008">131020s1985    xxu           00    eng d</controlfield>
         <datafield tag="020" ind1=" " ind2=" ">
            <subfield code="a">0-02-934820-X</subfield>
            <subfield code="q">bd.</subfield>
         </datafield>
         <datafield tag="020" ind1=" " ind2=" ">
            <subfield code="a">0-02-934821-8</subfield>
            <subfield code="q">pbk.</subfield>
         </datafield>
         <datafield tag="035" ind1=" " ind2=" ">
            <subfield code="a">(IDSBB)000422476</subfield>
         </datafield>
         <datafield tag="035" ind1=" " ind2=" ">
            <subfield code="a">(RERO)0871483</subfield>
         </datafield>
         <datafield tag="035" ind1=" " ind2=" ">
            <subfield code="a">(IDSSG)000777154</subfield>
         </datafield>
         <datafield tag="035" ind1=" " ind2=" ">
            <subfield code="a">(IDSSG)000000460</subfield>
         </datafield>
         <datafield tag="040" ind1=" " ind2=" ">
            <subfield code="a">SzZuIDS BS/BE A125</subfield>
            <subfield code="b">ger</subfield>
            <subfield code="e">kids</subfield>
         </datafield>
         <datafield tag="044" ind1=" " ind2=" ">
            <subfield code="a">xxu</subfield>
            <subfield code="a">xxk</subfield>
         </datafield>
         <datafield tag="050" ind1=" " ind2=" ">
            <subfield code="a">HB99.5</subfield>
            <subfield code="b">.W55 1985</subfield>
         </datafield>
         <datafield tag="072" ind1=" " ind2="7">
            <subfield code="a">s1se</subfield>
            <subfield code="2">rero</subfield>
         </datafield>
         <datafield tag="082" ind1="0" ind2=" ">
            <subfield code="a">338.7</subfield>
            <subfield code="2">19</subfield>
         </datafield>
         <datafield tag="084" ind1=" " ind2=" ">
            <subfield code="a">QC 130</subfield>
            <subfield code="2">rvk</subfield>
         </datafield>
         <datafield tag="084" ind1=" " ind2=" ">
            <subfield code="a">QC 131</subfield>
            <subfield code="2">rvk</subfield>
         </datafield>
         <datafield tag="084" ind1=" " ind2=" ">
            <subfield code="a">QD 050</subfield>
            <subfield code="2">rvk</subfield>
         </datafield>
         <datafield tag="084" ind1=" " ind2=" ">
            <subfield code="a">QD 110</subfield>
            <subfield code="2">rvk</subfield>
         </datafield>
         <datafield tag="084" ind1=" " ind2=" ">
            <subfield code="a">QP 340</subfield>
            <subfield code="2">rvk</subfield>
         </datafield>
         <datafield tag="100" ind1="1" ind2=" ">
            <subfield code="a">Williamson</subfield>
            <subfield code="D">Oliver Eaton</subfield>
         </datafield>
         <datafield tag="245" ind1="1" ind2="4">
            <subfield code="a">The economic institutions of capitalism</subfield>
            <subfield code="b">firms, markets, relational contracting</subfield>
            <subfield code="c">Oliver E. Williamson</subfield>
         </datafield>
         <datafield tag="264" ind1=" " ind2="1">
            <subfield code="a">New York</subfield>
            <subfield code="b">Free Press</subfield>
            <subfield code="a">London</subfield>
            <subfield code="b">Collier Macmillan Publ</subfield>
            <subfield code="c">1985</subfield>
         </datafield>
         <datafield tag="300" ind1=" " ind2=" ">
            <subfield code="a">XIV, 450 S</subfield>
            <subfield code="c">24 cm</subfield>
         </datafield>
         <datafield tag="504" ind1=" " ind2=" ">
            <subfield code="a">Bibliogr.: p. 409-436</subfield>
         </datafield>
         <datafield tag="520" ind1="3" ind2=" ">
            <subfield code="a">This long-awaited sequel to the modem classic "Markets and Hierarchies" develops and extends Williamson's innovative use of transaction cost economics as an approach to studying economic organization by applying it to work and labor as well as the corporation itself. In addition, Williamson explores its growing implications for public policy, including its potential influence on antitrust and merger guidelines, labor policy, and SEC and public utility regulations</subfield>
         </datafield>
         <datafield tag="650" ind1=" " ind2="7">
            <subfield code="a">Volkswirtschaftslehre</subfield>
            <subfield code="2">idsbb</subfield>
         </datafield>
         <datafield tag="650" ind1=" " ind2="7">
            <subfield code="a">Institution (Ökon)</subfield>
            <subfield code="2">idsbb</subfield>
         </datafield>
         <datafield tag="650" ind1=" " ind2="7">
            <subfield code="a">Institutionnalisme</subfield>
            <subfield code="2">rero</subfield>
         </datafield>
         <datafield tag="650" ind1=" " ind2="7">
            <subfield code="a">Transaktionskostenansatz</subfield>
            <subfield code="0">(DE-588)4206592-6</subfield>
            <subfield code="2">gnd</subfield>
         </datafield>
         <datafield tag="650" ind1=" " ind2="7">
            <subfield code="a">Unternehmenstheorie</subfield>
            <subfield code="0">(DE-588)4078614-6</subfield>
            <subfield code="2">gnd</subfield>
         </datafield>
         <datafield tag="650" ind1=" " ind2="7">
            <subfield code="a">Organisationstheorie</subfield>
            <subfield code="0">(DE-588)4121434-1</subfield>
            <subfield code="2">gnd</subfield>
         </datafield>
         <datafield tag="690" ind1=" " ind2="7">
            <subfield code="B">u</subfield>
            <subfield code="a">Institutionalismus</subfield>
            <subfield code="2">idsbb B8</subfield>
         </datafield>
         <datafield tag="898" ind1=" " ind2=" ">
            <subfield code="a">BK020000</subfield>
            <subfield code="b">XK020000</subfield>
            <subfield code="c">XK020000</subfield>
         </datafield>
         <datafield tag="912" ind1=" " ind2="7">
            <subfield code="a">vw</subfield>
            <subfield code="2">SzZuIDS BS/BE</subfield>
         </datafield>
         <datafield tag="949" ind1=" " ind2=" ">
            <subfield code="B">RERO</subfield>
            <subfield code="F">RE01003</subfield>
            <subfield code="c">RE010030001</subfield>
            <subfield code="j">ISES R-22*162</subfield>
            <subfield code="z">Perdu en 1996</subfield>
         </datafield>
         <datafield tag="949" ind1=" " ind2=" ">
            <subfield code="B">RERO</subfield>
            <subfield code="F">RE61040</subfield>
            <subfield code="c">RE610400033</subfield>
            <subfield code="j">330.156 WIL ex. 3</subfield>
            <subfield code="s">SESA 16475+2</subfield>
         </datafield>
         <datafield tag="949" ind1=" " ind2=" ">
            <subfield code="B">RERO</subfield>
            <subfield code="F">RE61040</subfield>
            <subfield code="c">RE610400033</subfield>
            <subfield code="j">330.156 WIL</subfield>
            <subfield code="s">SESA 16475+1</subfield>
         </datafield>
         <datafield tag="949" ind1=" " ind2=" ">
            <subfield code="B">RERO</subfield>
            <subfield code="F">RE61040</subfield>
            <subfield code="c">RE610400033</subfield>
            <subfield code="j">330.156 WIL</subfield>
            <subfield code="s">SESA 16475</subfield>
         </datafield>
         <datafield tag="949" ind1=" " ind2=" ">
            <subfield code="B">IDSSG</subfield>
            <subfield code="F">HMLE</subfield>
            <subfield code="j">QC 130: 06</subfield>
         </datafield>
         <datafield tag="949" ind1=" " ind2=" ">
            <subfield code="B">IDSSG</subfield>
            <subfield code="F">HMLE</subfield>
            <subfield code="j">QC 130: 40</subfield>
         </datafield>
         <datafield tag="949" ind1=" " ind2=" ">
            <subfield code="B">IDSBB</subfield>
            <subfield code="F">B589</subfield>
            <subfield code="c">589AR</subfield>
            <subfield code="j">VW G.V.b 265</subfield>
            <subfield code="x">REKATA1100412</subfield>
         </datafield>
         <datafield tag="949" ind1=" " ind2=" ">
            <subfield code="B">IDSBB</subfield>
            <subfield code="F">B599</subfield>
            <subfield code="c">FH</subfield>
            <subfield code="j">WTI WILLIAMSON 2</subfield>
         </datafield>
         <datafield tag="949" ind1=" " ind2=" ">
            <subfield code="B">IDSBB</subfield>
            <subfield code="F">A100</subfield>
            <subfield code="c">100FM</subfield>
            <subfield code="j">UBH Oz 19859</subfield>
            <subfield code="x">Akz: ba/uub-/g/93424</subfield>
         </datafield>
         <datafield tag="949" ind1=" " ind2=" ">
            <subfield code="B">IDSSG</subfield>
            <subfield code="F">HSG</subfield>
            <subfield code="c">EG</subfield>
            <subfield code="j">QD 110 W731</subfield>
         </datafield>
         <datafield tag="949" ind1=" " ind2=" ">
            <subfield code="B">IDSSG</subfield>
            <subfield code="F">HSG</subfield>
            <subfield code="c">EG</subfield>
            <subfield code="j">QD 110 W731 +2</subfield>
         </datafield>
         <datafield tag="949" ind1=" " ind2=" ">
            <subfield code="B">IDSBB</subfield>
            <subfield code="F">B569</subfield>
            <subfield code="c">569WM</subfield>
            <subfield code="j">IWI 5159</subfield>
         </datafield>
         <datafield tag="950" ind1=" " ind2=" ">
            <subfield code="B">IDSBB</subfield>
            <subfield code="P">100</subfield>
            <subfield code="E">1-</subfield>
            <subfield code="a">Williamson</subfield>
            <subfield code="D">Oliver Eaton</subfield>
         </datafield>
         <datafield tag="950" ind1=" " ind2=" ">
            <subfield code="B">RERO</subfield>
            <subfield code="P">100</subfield>
            <subfield code="E">1-</subfield>
            <subfield code="a">Williamson</subfield>
            <subfield code="D">Oliver E.</subfield>
         </datafield>
         <datafield tag="950" ind1=" " ind2=" ">
            <subfield code="B">IDSSG</subfield>
            <subfield code="P">100</subfield>
            <subfield code="E">1-</subfield>
            <subfield code="a">Williamson</subfield>
            <subfield code="D">Oliver E.</subfield>
         </datafield>
         <datafield tag="986" ind1=" " ind2=" ">
            <subfield code="a">SWISSBIB</subfield>
            <subfield code="b">133614077</subfield>
         </datafield>
         <datafield tag="986" ind1=" " ind2=" ">
            <subfield code="a">ORANGE</subfield>
            <subfield code="b">281052859</subfield>
         </datafield>
      <datafield tag="949" ind1=" " ind2=" "><subfield code="B">IDSSG</subfield><subfield code="F">HIFF</subfield><subfield code="c">BIB</subfield><subfield code="j">AK 1185</subfield></datafield></record>