
<record xmlns:xs="http://www.w3.org/2001/XMLSchema">
         <leader>     cam a22     u  4500</leader>
         <controlfield tag="001">033352127</controlfield>
         <controlfield tag="003">CHVBK</controlfield>
         <controlfield tag="005">20170930131216.0</controlfield>
         <controlfield tag="008">910226s1991    sz d          000 0 ger  </controlfield>
         <datafield tag="020" ind1=" " ind2=" ">
            <subfield code="a">3-7253-0394-0</subfield>
         </datafield>
         <datafield tag="035" ind1=" " ind2=" ">
            <subfield code="a">(OCoLC)605958157</subfield>
         </datafield>
         <datafield tag="035" ind1=" " ind2=" ">
            <subfield code="a">(IDSSG)000033156</subfield>
         </datafield>
         <datafield tag="040" ind1=" " ind2=" ">
            <subfield code="a">SzZuIDS HSG</subfield>
            <subfield code="b">ger</subfield>
            <subfield code="e">kids</subfield>
         </datafield>
         <datafield tag="100" ind1="1" ind2=" ">
            <subfield code="a">Meier</subfield>
            <subfield code="D">Ruedi</subfield>
         </datafield>
         <datafield tag="245" ind1="1" ind2="0">
            <subfield code="a">Umweltabgaben für die Schweiz</subfield>
            <subfield code="b">ein Beitrag zur Ökologisierung von Wirtschaft und Gesellschaft</subfield>
            <subfield code="c">Ruedi Meier, Felix Walter</subfield>
         </datafield>
         <datafield tag="264" ind1=" " ind2="1">
            <subfield code="a">Chur &lt;etc.&gt;</subfield>
            <subfield code="b">Rüegger</subfield>
            <subfield code="c">1991</subfield>
         </datafield>
         <datafield tag="300" ind1=" " ind2=" ">
            <subfield code="a">241 S</subfield>
            <subfield code="b">graph. Darst</subfield>
         </datafield>
         <datafield tag="336" ind1=" " ind2=" ">
            <subfield code="a">Text</subfield>
            <subfield code="b">txt</subfield>
            <subfield code="2">rdacontent/ger</subfield>
         </datafield>
         <datafield tag="337" ind1=" " ind2=" ">
            <subfield code="a">ohne Hilfsmittel zu benutzen</subfield>
            <subfield code="b">n</subfield>
            <subfield code="2">rdamedia/ger</subfield>
         </datafield>
         <datafield tag="338" ind1=" " ind2=" ">
            <subfield code="a">Band</subfield>
            <subfield code="b">nc</subfield>
            <subfield code="2">rdacarrier/ger</subfield>
         </datafield>
         <datafield tag="504" ind1=" " ind2=" ">
            <subfield code="a">Literaturangaben</subfield>
         </datafield>
         <datafield tag="650" ind1=" " ind2="7">
            <subfield code="a">Umweltpolitik</subfield>
            <subfield code="0">(DE-588)4078523-3</subfield>
            <subfield code="2">gnd</subfield>
         </datafield>
         <datafield tag="650" ind1=" " ind2="7">
            <subfield code="a">Umweltabgabe</subfield>
            <subfield code="0">(DE-588)4129442-7</subfield>
            <subfield code="2">gnd</subfield>
         </datafield>
         <datafield tag="651" ind1=" " ind2="7">
            <subfield code="a">Schweiz</subfield>
            <subfield code="0">(DE-588)4053881-3</subfield>
            <subfield code="2">gnd</subfield>
         </datafield>
         <datafield tag="700" ind1="1" ind2=" ">
            <subfield code="a">Walter</subfield>
            <subfield code="D">Felix</subfield>
         </datafield>
         <datafield tag="950" ind1=" " ind2=" ">
            <subfield code="B">IDSSG</subfield>
            <subfield code="P">100</subfield>
            <subfield code="E">1-</subfield>
            <subfield code="a">Meier</subfield>
            <subfield code="D">Ruedi</subfield>
         </datafield>
         <datafield tag="950" ind1=" " ind2=" ">
            <subfield code="B">IDSSG</subfield>
            <subfield code="P">700</subfield>
            <subfield code="E">1-</subfield>
            <subfield code="a">Walter</subfield>
            <subfield code="D">Felix</subfield>
         </datafield>
         <datafield tag="986" ind1=" " ind2=" ">
            <subfield code="a">SWISSBIB</subfield>
            <subfield code="b">024185418</subfield>
         </datafield>
         <datafield tag="898" ind1=" " ind2=" ">
            <subfield code="a">BK020000</subfield>
            <subfield code="b">XK020000</subfield>
            <subfield code="c">XK020000</subfield>
         </datafield>
         <datafield tag="949" ind1=" " ind2=" ">
            <subfield code="B">IDSSG</subfield>
            <subfield code="F">HSG</subfield>
            <subfield code="c">BURON</subfield>
            <subfield code="j">AR 28100 M511</subfield>
         </datafield>
      <datafield tag="949" ind1=" " ind2=" "><subfield code="B">IDSSG</subfield><subfield code="F">HIFF</subfield><subfield code="c">BIB</subfield><subfield code="j">GC 109</subfield></datafield></record>