
<record xmlns:xs="http://www.w3.org/2001/XMLSchema">
         <leader>     cam a22     u  4500</leader>
         <controlfield tag="001">281070334</controlfield>
         <controlfield tag="003">CHVBK</controlfield>
         <controlfield tag="005">20190130073048.0</controlfield>
         <controlfield tag="008">130818m19701971xxu|||||||||| 00   |eng d</controlfield>
         <datafield tag="020" ind1=" " ind2=" ">
            <subfield code="a">0-471-45430-3</subfield>
            <subfield code="q">Vol. 1</subfield>
         </datafield>
         <datafield tag="020" ind1=" " ind2=" ">
            <subfield code="a">0-471-45431-1</subfield>
            <subfield code="q">Vol. 2</subfield>
         </datafield>
         <datafield tag="035" ind1=" " ind2=" ">
            <subfield code="a">(IDSBB)000173019</subfield>
         </datafield>
         <datafield tag="035" ind1=" " ind2=" ">
            <subfield code="a">(NEBIS)008686537</subfield>
         </datafield>
         <datafield tag="035" ind1=" " ind2=" ">
            <subfield code="a">(IDSSG)000197260</subfield>
         </datafield>
         <datafield tag="035" ind1=" " ind2=" ">
            <subfield code="a">(RERO)0501805</subfield>
         </datafield>
         <datafield tag="040" ind1=" " ind2=" ">
            <subfield code="a">SzZuIDS BS/BE A125</subfield>
            <subfield code="b">ger</subfield>
            <subfield code="e">kids</subfield>
         </datafield>
         <datafield tag="044" ind1=" " ind2=" ">
            <subfield code="a">xxu</subfield>
            <subfield code="a">xxk</subfield>
         </datafield>
         <datafield tag="072" ind1=" " ind2="7">
            <subfield code="a">s1dr</subfield>
            <subfield code="2">rero</subfield>
         </datafield>
         <datafield tag="082" ind1="1" ind2=" ">
            <subfield code="a">320</subfield>
            <subfield code="2">15</subfield>
         </datafield>
         <datafield tag="084" ind1=" " ind2=" ">
            <subfield code="a">QD 050</subfield>
            <subfield code="2">rvk</subfield>
         </datafield>
         <datafield tag="084" ind1=" " ind2=" ">
            <subfield code="a">QK 300</subfield>
            <subfield code="2">rvk</subfield>
         </datafield>
         <datafield tag="084" ind1=" " ind2=" ">
            <subfield code="a">QR 000</subfield>
            <subfield code="2">rvk</subfield>
         </datafield>
         <datafield tag="084" ind1=" " ind2=" ">
            <subfield code="a">QR 300</subfield>
            <subfield code="2">rvk</subfield>
         </datafield>
         <datafield tag="100" ind1="1" ind2=" ">
            <subfield code="a">Kahn</subfield>
            <subfield code="D">Alfred Edward</subfield>
         </datafield>
         <datafield tag="245" ind1="1" ind2="4">
            <subfield code="a">The economics of regulation</subfield>
            <subfield code="b">principles and institutions</subfield>
            <subfield code="c">Alfred E. Kahn</subfield>
         </datafield>
         <datafield tag="264" ind1=" " ind2="1">
            <subfield code="a">New York</subfield>
            <subfield code="a">London</subfield>
            <subfield code="b">John Wiley</subfield>
            <subfield code="c">1970-1971</subfield>
         </datafield>
         <datafield tag="300" ind1=" " ind2=" ">
            <subfield code="a">2 Bde</subfield>
            <subfield code="c">cm</subfield>
         </datafield>
         <datafield tag="505" ind1="0" ind2="0">
            <subfield code="g">Vol. 1</subfield>
            <subfield code="t">Economic principles</subfield>
         </datafield>
         <datafield tag="505" ind1="0" ind2="0">
            <subfield code="g">Vol. 2</subfield>
            <subfield code="t">Institutional issues</subfield>
         </datafield>
         <datafield tag="650" ind1=" " ind2="7">
            <subfield code="a">Interventionismus</subfield>
            <subfield code="2">idsbb</subfield>
         </datafield>
         <datafield tag="650" ind1=" " ind2="7">
            <subfield code="a">Regulierung</subfield>
            <subfield code="0">(DE-588)4201190-5</subfield>
            <subfield code="2">gnd</subfield>
         </datafield>
         <datafield tag="650" ind1=" " ind2="7">
            <subfield code="a">Preistheorie</subfield>
            <subfield code="0">(DE-588)4115623-7</subfield>
            <subfield code="2">gnd</subfield>
         </datafield>
         <datafield tag="650" ind1=" " ind2="7">
            <subfield code="a">régulation économique</subfield>
            <subfield code="2">rerovoc</subfield>
         </datafield>
         <datafield tag="655" ind1=" " ind2="7">
            <subfield code="a">Einführung</subfield>
            <subfield code="2">gnd-content</subfield>
         </datafield>
         <datafield tag="690" ind1=" " ind2="7">
            <subfield code="B">u</subfield>
            <subfield code="a">-</subfield>
            <subfield code="d">Wirtschaftspolitik: allgemeine Abhandlungen</subfield>
            <subfield code="2">idsuzh VJ</subfield>
         </datafield>
         <datafield tag="690" ind1=" " ind2="7">
            <subfield code="B">u</subfield>
            <subfield code="a">-</subfield>
            <subfield code="d">Wettbewerbspolitik: allgemeine Abhandlungen</subfield>
            <subfield code="2">idsuzh VJ</subfield>
         </datafield>
         <datafield tag="690" ind1=" " ind2="7">
            <subfield code="B">u</subfield>
            <subfield code="a">-</subfield>
            <subfield code="d">Industriepolitik: allgemeine Abhandlungen</subfield>
            <subfield code="2">idsuzh VJ</subfield>
         </datafield>
         <datafield tag="691" ind1=" " ind2="7">
            <subfield code="2">rero dr-sys</subfield>
            <subfield code="u">CB/USA 45 h</subfield>
         </datafield>
         <datafield tag="852" ind1="4" ind2=" ">
            <subfield code="B">IDSBB</subfield>
            <subfield code="F">A100</subfield>
            <subfield code="c">MAG</subfield>
            <subfield code="j">UBH Pa 6231</subfield>
            <subfield code="a">-</subfield>
         </datafield>
         <datafield tag="852" ind1="4" ind2=" ">
            <subfield code="B">IDSBB</subfield>
            <subfield code="F">B589</subfield>
            <subfield code="c">589AR</subfield>
            <subfield code="j">VW G.V.b 141</subfield>
            <subfield code="a">-</subfield>
         </datafield>
         <datafield tag="897" ind1=" " ind2=" ">
            <subfield code="a">b</subfield>
            <subfield code="b">2</subfield>
         </datafield>
         <datafield tag="898" ind1=" " ind2=" ">
            <subfield code="a">BK020000</subfield>
            <subfield code="b">XK020000</subfield>
            <subfield code="c">XK020000</subfield>
         </datafield>
         <datafield tag="909" ind1=" " ind2="7">
            <subfield code="f">medea</subfield>
            <subfield code="2">idsuzh U2</subfield>
         </datafield>
         <datafield tag="909" ind1=" " ind2="7">
            <subfield code="a">MedeaZBZ</subfield>
            <subfield code="c">werm</subfield>
            <subfield code="2">idszbz ZR</subfield>
         </datafield>
         <datafield tag="909" ind1=" " ind2="7">
            <subfield code="a">MedeaZBZ</subfield>
            <subfield code="b">SWK</subfield>
            <subfield code="2">idszbz ZR</subfield>
         </datafield>
         <datafield tag="912" ind1=" " ind2="7">
            <subfield code="a">vw</subfield>
            <subfield code="2">SzZuIDS BS/BE</subfield>
         </datafield>
         <datafield tag="912" ind1=" " ind2="7">
            <subfield code="a">po</subfield>
            <subfield code="2">SzZuIDS BS/BE</subfield>
         </datafield>
         <datafield tag="949" ind1=" " ind2=" ">
            <subfield code="B">RERO</subfield>
            <subfield code="F">RE01046</subfield>
            <subfield code="c">RE010460002</subfield>
            <subfield code="j">FSES L40</subfield>
            <subfield code="s">TEB 20736/1</subfield>
            <subfield code="z">VOL. 1</subfield>
         </datafield>
         <datafield tag="949" ind1=" " ind2=" ">
            <subfield code="B">RERO</subfield>
            <subfield code="F">RE31014</subfield>
            <subfield code="c">RE310140001</subfield>
            <subfield code="j">BSE A1/ 469/1</subfield>
            <subfield code="z">1</subfield>
         </datafield>
         <datafield tag="949" ind1=" " ind2=" ">
            <subfield code="B">RERO</subfield>
            <subfield code="F">RE31014</subfield>
            <subfield code="c">RE310140001</subfield>
            <subfield code="j">BSE A1/ 469/2</subfield>
            <subfield code="z">2</subfield>
         </datafield>
         <datafield tag="949" ind1=" " ind2=" ">
            <subfield code="B">RERO</subfield>
            <subfield code="F">RE61040</subfield>
            <subfield code="c">RE610400033</subfield>
            <subfield code="j">330.018 KAH/1</subfield>
            <subfield code="s">SESB 2392/1</subfield>
         </datafield>
         <datafield tag="949" ind1=" " ind2=" ">
            <subfield code="B">RERO</subfield>
            <subfield code="F">RE71070</subfield>
            <subfield code="c">RE710700002</subfield>
            <subfield code="j">CB/USA 45 h KAHN 1970</subfield>
            <subfield code="s">ISDC 11354/2</subfield>
            <subfield code="z">Vol. 2</subfield>
         </datafield>
         <datafield tag="949" ind1=" " ind2=" ">
            <subfield code="B">RERO</subfield>
            <subfield code="F">RE71070</subfield>
            <subfield code="c">RE710700002</subfield>
            <subfield code="j">CB/USA 45 h KAHN 1970</subfield>
            <subfield code="s">ISDC 11354/1</subfield>
            <subfield code="z">Vol. 1</subfield>
         </datafield>
         <datafield tag="949" ind1=" " ind2=" ">
            <subfield code="B">NEBIS</subfield>
            <subfield code="F">Z01</subfield>
            <subfield code="c">04</subfield>
            <subfield code="j">FD 2192: 1</subfield>
            <subfield code="z">Vol. 1</subfield>
         </datafield>
         <datafield tag="949" ind1=" " ind2=" ">
            <subfield code="B">NEBIS</subfield>
            <subfield code="F">Z01</subfield>
            <subfield code="c">04</subfield>
            <subfield code="j">FD 2192: 2</subfield>
            <subfield code="z">Vol. 2</subfield>
         </datafield>
         <datafield tag="949" ind1=" " ind2=" ">
            <subfield code="B">NEBIS</subfield>
            <subfield code="F">UECON</subfield>
            <subfield code="c">ULMZN</subfield>
            <subfield code="j">SOS R 0954 : 1</subfield>
            <subfield code="z">Vol. 1</subfield>
         </datafield>
         <datafield tag="949" ind1=" " ind2=" ">
            <subfield code="B">NEBIS</subfield>
            <subfield code="F">UECON</subfield>
            <subfield code="c">ULMZN</subfield>
            <subfield code="j">SOS R 0954 : 2</subfield>
            <subfield code="z">Vol. 2</subfield>
         </datafield>
         <datafield tag="949" ind1=" " ind2=" ">
            <subfield code="B">IDSSG</subfield>
            <subfield code="F">HSG</subfield>
            <subfield code="c">BURON</subfield>
            <subfield code="j">+Vwl A .265/1</subfield>
            <subfield code="z">Vol. 1</subfield>
         </datafield>
         <datafield tag="949" ind1=" " ind2=" ">
            <subfield code="B">IDSSG</subfield>
            <subfield code="F">HSG</subfield>
            <subfield code="c">BURON</subfield>
            <subfield code="j">+Vwl A .265/2</subfield>
            <subfield code="z">Vol. 2</subfield>
         </datafield>
         <datafield tag="950" ind1=" " ind2=" ">
            <subfield code="B">IDSBB</subfield>
            <subfield code="P">100</subfield>
            <subfield code="E">1-</subfield>
            <subfield code="a">Kahn</subfield>
            <subfield code="D">Alfred Edward</subfield>
         </datafield>
         <datafield tag="950" ind1=" " ind2=" ">
            <subfield code="B">NEBIS</subfield>
            <subfield code="P">100</subfield>
            <subfield code="E">1-</subfield>
            <subfield code="a">Kahn</subfield>
            <subfield code="D">Alfred E.</subfield>
            <subfield code="d">1917-2010</subfield>
            <subfield code="0">(DE-588)124252729</subfield>
         </datafield>
         <datafield tag="950" ind1=" " ind2=" ">
            <subfield code="B">NEBIS</subfield>
            <subfield code="P">490</subfield>
            <subfield code="E">--</subfield>
            <subfield code="a">A Wiley-Hamilton publication</subfield>
         </datafield>
         <datafield tag="950" ind1=" " ind2=" ">
            <subfield code="B">IDSSG</subfield>
            <subfield code="P">100</subfield>
            <subfield code="E">1-</subfield>
            <subfield code="a">Kahn</subfield>
            <subfield code="D">Alfred E.</subfield>
         </datafield>
         <datafield tag="950" ind1=" " ind2=" ">
            <subfield code="B">RERO</subfield>
            <subfield code="P">100</subfield>
            <subfield code="E">1-</subfield>
            <subfield code="a">Kahn</subfield>
            <subfield code="D">Alfred Edward</subfield>
         </datafield>
         <datafield tag="986" ind1=" " ind2=" ">
            <subfield code="a">SWISSBIB</subfield>
            <subfield code="b">038747006</subfield>
         </datafield>
         <datafield tag="986" ind1=" " ind2=" ">
            <subfield code="a">ORANGE</subfield>
            <subfield code="b">098355309</subfield>
         </datafield>
      <datafield tag="949" ind1=" " ind2=" "><subfield code="B">IDSSG</subfield><subfield code="F">HIFF</subfield><subfield code="c">BIB</subfield><subfield code="j">AK 0170 1</subfield></datafield></record>