
<record xmlns:xs="http://www.w3.org/2001/XMLSchema">
         <leader>     cam a22     2  4500</leader>
         <controlfield tag="001">330348949</controlfield>
         <controlfield tag="003">CHVBK</controlfield>
         <controlfield tag="005">20171113120354.0</controlfield>
         <controlfield tag="007">cr || ||||||||</controlfield>
         <controlfield tag="008">121227s1983    ne      s     00    eng d</controlfield>
         <datafield tag="020" ind1=" " ind2=" ">
            <subfield code="a">978-94-009-6686-4</subfield>
            <subfield code="q">print</subfield>
         </datafield>
         <datafield tag="020" ind1=" " ind2=" ">
            <subfield code="a">978-94-009-6684-0</subfield>
            <subfield code="q">eISBN</subfield>
         </datafield>
         <datafield tag="024" ind1="7" ind2=" ">
            <subfield code="a">10.1007/978-94-009-6684-0</subfield>
            <subfield code="2">doi</subfield>
         </datafield>
         <datafield tag="035" ind1=" " ind2=" ">
            <subfield code="a">(OCoLC)903193336</subfield>
         </datafield>
         <datafield tag="035" ind1=" " ind2=" ">
            <subfield code="a">(IDSSG)000683826</subfield>
         </datafield>
         <datafield tag="040" ind1=" " ind2=" ">
            <subfield code="a">Springer</subfield>
            <subfield code="b">ger</subfield>
            <subfield code="d">SzZuIDS HSG</subfield>
            <subfield code="e">kids</subfield>
         </datafield>
         <datafield tag="050" ind1=" " ind2=" ">
            <subfield code="a">HB172.5</subfield>
         </datafield>
         <datafield tag="072" ind1=" " ind2="7">
            <subfield code="a">BUS045000</subfield>
            <subfield code="2">bisacsh</subfield>
         </datafield>
         <datafield tag="082" ind1="0" ind2=" ">
            <subfield code="a">339</subfield>
            <subfield code="2">23</subfield>
         </datafield>
         <datafield tag="091" ind1=" " ind2=" ">
            <subfield code="a">DEAGIAD20FA74A904FB9EC1257FCD004EE894</subfield>
            <subfield code="b">iCapture</subfield>
         </datafield>
         <datafield tag="100" ind1="1" ind2=" ">
            <subfield code="a">Meyer</subfield>
            <subfield code="D">Laurence H.</subfield>
         </datafield>
         <datafield tag="245" ind1="1" ind2="4">
            <subfield code="a">The Economic Consequences of Government Deficits</subfield>
            <subfield code="c">edited by Laurence H. Meyer</subfield>
         </datafield>
         <datafield tag="264" ind1=" " ind2="1">
            <subfield code="a">Dordrecht</subfield>
            <subfield code="b">Springer Netherlands</subfield>
            <subfield code="c">1983</subfield>
         </datafield>
         <datafield tag="300" ind1=" " ind2=" ">
            <subfield code="a">Online-Ressource (256p.)</subfield>
         </datafield>
         <datafield tag="336" ind1=" " ind2=" ">
            <subfield code="a">Text</subfield>
            <subfield code="b">txt</subfield>
            <subfield code="2">rdacontent/ger</subfield>
         </datafield>
         <datafield tag="337" ind1=" " ind2=" ">
            <subfield code="a">Computermedien</subfield>
            <subfield code="b">c</subfield>
            <subfield code="2">rdamedia/ger</subfield>
         </datafield>
         <datafield tag="338" ind1=" " ind2=" ">
            <subfield code="a">Online-Ressource</subfield>
            <subfield code="b">cr</subfield>
            <subfield code="2">rdacarrier/ger</subfield>
         </datafield>
         <datafield tag="490" ind1="0" ind2=" ">
            <subfield code="a">Economic Policy Conference Series</subfield>
            <subfield code="v">2</subfield>
         </datafield>
         <datafield tag="520" ind1="3" ind2=" ">
            <subfield code="a">On October 29 and 30, 1982, the Center for the Study of American Business and the Institute for Banking and Financial Markets at Washington "The Economic Consequences of University cosponsored a conference on Government Deficits. " This was the sixth annual Economic Policy Con­ ference sponsored by the Center, and the first it has cosponsored with the Institute. This book contains the papers and comments delivered at that conference. Recent and prospective large federal deficits have prompted a thorough reconsideration of the political sources and economic consequences of government deficits. The papers in Part I focus on the implications of deficits for monetary growth and inflation, and the papers in Part II consider the effect of deficits on interest rates and capital formation. The papers in Part III deal with the political sources and remedies for the explosive growth in government spending and increased reliance on deficits. The papers in Part I by Alan S. Blinder, Professor of Economics at Princeton University, and Preston J. Miller, Assistant Vice President and Research Advisor at the Federal Reserve Bank of Minneapolis, discuss the relation between monetary growth and deficits and present evidence on the of deficits on inflation and output. A deficit is said to be monetized effects vii viii THE ECONOMIC CONSEQUENCES OF GOVERNMENT DEFICITS when the Federal Reserve purchases bonds to aid the Treasury in financing the deficit</subfield>
         </datafield>
         <datafield tag="650" ind1=" " ind2="7">
            <subfield code="a">Haushaltsdefizit</subfield>
            <subfield code="0">(DE-588)4127588-3</subfield>
            <subfield code="2">gnd</subfield>
         </datafield>
         <datafield tag="650" ind1=" " ind2="0">
            <subfield code="a">Economics</subfield>
         </datafield>
         <datafield tag="650" ind1=" " ind2="0">
            <subfield code="a">Macroeconomics</subfield>
         </datafield>
         <datafield tag="856" ind1="4" ind2=" ">
            <subfield code="u">http://dx.doi.org/10.1007/978-94-009-6684-0</subfield>
            <subfield code="z">Online Access for the University of St. Gallen</subfield>
         </datafield>
         <datafield tag="950" ind1=" " ind2=" ">
            <subfield code="B">IDSSG</subfield>
            <subfield code="P">100</subfield>
            <subfield code="E">1-</subfield>
            <subfield code="a">Meyer</subfield>
            <subfield code="D">Laurence H.</subfield>
         </datafield>
         <datafield tag="950" ind1=" " ind2=" ">
            <subfield code="B">IDSSG</subfield>
            <subfield code="P">490</subfield>
            <subfield code="E">0-</subfield>
            <subfield code="a">Economic Policy Conference Series</subfield>
            <subfield code="v">2</subfield>
         </datafield>
         <datafield tag="950" ind1=" " ind2=" ">
            <subfield code="B">IDSSG</subfield>
            <subfield code="P">856</subfield>
            <subfield code="E">4-</subfield>
            <subfield code="u">http://dx.doi.org/10.1007/978-94-009-6684-0</subfield>
            <subfield code="z">Online Access for the University of St. Gallen</subfield>
         </datafield>
         <datafield tag="986" ind1=" " ind2=" ">
            <subfield code="a">SWISSBIB</subfield>
            <subfield code="b">289002052</subfield>
         </datafield>
         <datafield tag="898" ind1=" " ind2=" ">
            <subfield code="a">BK020053</subfield>
            <subfield code="b">XK020053</subfield>
            <subfield code="c">XK020000</subfield>
         </datafield>
         <datafield tag="949" ind1=" " ind2=" ">
            <subfield code="B">IDSSG</subfield>
            <subfield code="F">HSG</subfield>
            <subfield code="c">ONL</subfield>
            <subfield code="j">HONL000683826</subfield>
         </datafield>
      <datafield tag="949" ind1=" " ind2=" "><subfield code="B">IDSSG</subfield><subfield code="F">HIFF</subfield><subfield code="c">BIB</subfield><subfield code="j">DA 158</subfield></datafield></record>