
<record xmlns:xs="http://www.w3.org/2001/XMLSchema">
         <leader>     cas a22     u  4500</leader>
         <controlfield tag="001">359791336</controlfield>
         <controlfield tag="003">CHVBK</controlfield>
         <controlfield tag="005">20181124010944.0</controlfield>
         <controlfield tag="008">160415d19712014sz zu p       0    |ger  </controlfield>
         <datafield tag="019" ind1=" " ind2=" ">
            <subfield code="a">ZBZ/V/bereinigt/kunr</subfield>
         </datafield>
         <datafield tag="019" ind1=" " ind2=" ">
            <subfield code="a">Titeländerung ab 2014, siehe Vorwort Band 20 (2011-2013)</subfield>
            <subfield code="5">17.3.2015 buche</subfield>
         </datafield>
         <datafield tag="035" ind1=" " ind2=" ">
            <subfield code="a">(IDSSG)000037144</subfield>
         </datafield>
         <datafield tag="035" ind1=" " ind2=" ">
            <subfield code="a">(NEBIS)000983618</subfield>
         </datafield>
         <datafield tag="040" ind1=" " ind2=" ">
            <subfield code="a">SzZuIDS HSG</subfield>
            <subfield code="b">ger</subfield>
            <subfield code="e">kids</subfield>
         </datafield>
         <datafield tag="245" ind1="0" ind2="0">
            <subfield code="a">Verwaltungs- und Verwaltungsgerichtsentscheide des Kantons Obwalden</subfield>
         </datafield>
         <datafield tag="246" ind1="1" ind2=" ">
            <subfield code="i">Band 1:</subfield>
            <subfield code="a">Verwaltungsentscheide des Kantons Obwalden für die Amtsperiode ...</subfield>
         </datafield>
         <datafield tag="246" ind1="1" ind2="3">
            <subfield code="a">VVGE</subfield>
         </datafield>
         <datafield tag="264" ind1=" " ind2="1">
            <subfield code="a">Sarnen</subfield>
            <subfield code="b">Staatskanzlei des Kantons Obwalden</subfield>
            <subfield code="c">1971-2014</subfield>
         </datafield>
         <datafield tag="310" ind1=" " ind2=" ">
            <subfield code="a">Mehrjährlich</subfield>
         </datafield>
         <datafield tag="362" ind1="0" ind2=" ">
            <subfield code="a">Band 1 (1966/70)-20 (2011-2013)</subfield>
         </datafield>
         <datafield tag="500" ind1=" " ind2=" ">
            <subfield code="a">Erster Band u.d.T.: Verwaltungsentscheide des Kantons Obwalden</subfield>
         </datafield>
         <datafield tag="650" ind1=" " ind2="7">
            <subfield code="a">Verwaltungsrecht</subfield>
            <subfield code="0">(DE-588)4063351-2</subfield>
            <subfield code="2">gnd</subfield>
         </datafield>
         <datafield tag="651" ind1=" " ind2="7">
            <subfield code="a">Obwalden</subfield>
            <subfield code="0">(DE-588)4078653-5</subfield>
            <subfield code="2">gnd</subfield>
         </datafield>
         <datafield tag="655" ind1=" " ind2="7">
            <subfield code="a">Entscheidungssammlung</subfield>
            <subfield code="2">gnd-content</subfield>
         </datafield>
         <datafield tag="655" ind1=" " ind2="7">
            <subfield code="a">Zeitschrift</subfield>
            <subfield code="2">gnd-content</subfield>
         </datafield>
         <datafield tag="690" ind1=" " ind2="7">
            <subfield code="B">b</subfield>
            <subfield code="a">Obwalden : Verwaltungsgericht</subfield>
            <subfield code="2">HSG</subfield>
         </datafield>
         <datafield tag="710" ind1="1" ind2=" ">
            <subfield code="a">Obwalden</subfield>
            <subfield code="0">(DE-588)4078653-5</subfield>
         </datafield>
         <datafield tag="710" ind1="1" ind2=" ">
            <subfield code="a">Obwalden</subfield>
            <subfield code="b">Verwaltungsgericht</subfield>
         </datafield>
         <datafield tag="785" ind1=" " ind2="0">
            <subfield code="t">Obwaldner Gerichts- und Verwaltungsentscheide</subfield>
         </datafield>
         <datafield tag="908" ind1=" " ind2=" ">
            <subfield code="D">1</subfield>
            <subfield code="b">Zeitschrift = Revue</subfield>
         </datafield>
         <datafield tag="909" ind1=" " ind2="7">
            <subfield code="a">rwizss200701l</subfield>
            <subfield code="c">biss</subfield>
            <subfield code="2">idszbz Z2</subfield>
         </datafield>
         <datafield tag="909" ind1=" " ind2="7">
            <subfield code="d">zbzswk201706g</subfield>
            <subfield code="e">bruu</subfield>
            <subfield code="2">idszbz Z2</subfield>
         </datafield>
         <datafield tag="909" ind1=" " ind2="7">
            <subfield code="a">zbzzss201802r</subfield>
            <subfield code="c">dank</subfield>
            <subfield code="2">idszbz Z2</subfield>
         </datafield>
         <datafield tag="950" ind1=" " ind2=" ">
            <subfield code="B">IDSSG</subfield>
            <subfield code="P">710</subfield>
            <subfield code="E">1-</subfield>
            <subfield code="a">Obwalden</subfield>
            <subfield code="0">(DE-588)4078653-5</subfield>
         </datafield>
         <datafield tag="950" ind1=" " ind2=" ">
            <subfield code="B">IDSSG</subfield>
            <subfield code="P">710</subfield>
            <subfield code="E">1-</subfield>
            <subfield code="a">Obwalden</subfield>
            <subfield code="b">Verwaltungsgericht</subfield>
         </datafield>
         <datafield tag="950" ind1=" " ind2=" ">
            <subfield code="B">IDSSG</subfield>
            <subfield code="P">785</subfield>
            <subfield code="E">-0</subfield>
            <subfield code="t">Obwaldner Gerichts- und Verwaltungsentscheide</subfield>
         </datafield>
         <datafield tag="950" ind1=" " ind2=" ">
            <subfield code="B">NEBIS</subfield>
            <subfield code="P">710</subfield>
            <subfield code="E">1-</subfield>
            <subfield code="a">Obwalden</subfield>
            <subfield code="0">(DE-588)4078653-5</subfield>
         </datafield>
         <datafield tag="950" ind1=" " ind2=" ">
            <subfield code="B">NEBIS</subfield>
            <subfield code="P">785</subfield>
            <subfield code="E">-0</subfield>
            <subfield code="t">Obwaldner Gerichts- und Verwaltungsentscheide</subfield>
            <subfield code="w">(NEBIS)010402480</subfield>
            <subfield code="9">437055337</subfield>
         </datafield>
         <datafield tag="986" ind1=" " ind2=" ">
            <subfield code="a">SWISSBIB</subfield>
            <subfield code="b">006397530</subfield>
         </datafield>
         <datafield tag="898" ind1=" " ind2=" ">
            <subfield code="a">CR030600</subfield>
            <subfield code="b">XR030000</subfield>
            <subfield code="c">XR030000</subfield>
         </datafield>
         <datafield tag="852" ind1="4" ind2=" ">
            <subfield code="B">NEBIS</subfield>
            <subfield code="F">Z16</subfield>
            <subfield code="c">COMP</subfield>
            <subfield code="j">Zbb OW 2</subfield>
            <subfield code="a">Band 1(1966/70)-Band 20(2011-2013); Generalregister Band 1-20(1966-2013)</subfield>
         </datafield>
         <datafield tag="852" ind1="4" ind2=" ">
            <subfield code="B">NEBIS</subfield>
            <subfield code="F">Z01</subfield>
            <subfield code="c">04</subfield>
            <subfield code="j">UC 924</subfield>
            <subfield code="a">4(1978/80)-20(2011/13)</subfield>
         </datafield>
         <datafield tag="949" ind1=" " ind2=" ">
            <subfield code="B">IDSSG</subfield>
            <subfield code="F">HSG</subfield>
            <subfield code="c">OG</subfield>
            <subfield code="j">PB 3820 -90</subfield>
            <subfield code="z">Generalregister Band I-XX (1966-2013)</subfield>
         </datafield>
         <datafield tag="949" ind1=" " ind2=" ">
            <subfield code="B">IDSSG</subfield>
            <subfield code="F">HSG</subfield>
            <subfield code="c">OG</subfield>
            <subfield code="j">PB 3820 -12</subfield>
            <subfield code="z">12 (1995-1996)</subfield>
         </datafield>
         <datafield tag="949" ind1=" " ind2=" ">
            <subfield code="B">IDSSG</subfield>
            <subfield code="F">HSG</subfield>
            <subfield code="c">OG</subfield>
            <subfield code="j">PB 3820 -13</subfield>
            <subfield code="z">13 (1997-1998)</subfield>
         </datafield>
         <datafield tag="949" ind1=" " ind2=" ">
            <subfield code="B">IDSSG</subfield>
            <subfield code="F">HSG</subfield>
            <subfield code="c">OG</subfield>
            <subfield code="j">PB 3820 -14</subfield>
            <subfield code="z">14 (1999-2000)</subfield>
         </datafield>
         <datafield tag="949" ind1=" " ind2=" ">
            <subfield code="B">IDSSG</subfield>
            <subfield code="F">HSG</subfield>
            <subfield code="c">OG</subfield>
            <subfield code="j">PB 3820 -15</subfield>
            <subfield code="z">15 (2001-2002)</subfield>
         </datafield>
         <datafield tag="949" ind1=" " ind2=" ">
            <subfield code="B">IDSSG</subfield>
            <subfield code="F">HSG</subfield>
            <subfield code="c">OG</subfield>
            <subfield code="j">PB 3820 -16</subfield>
            <subfield code="z">16 (2003-2004)</subfield>
         </datafield>
         <datafield tag="949" ind1=" " ind2=" ">
            <subfield code="B">IDSSG</subfield>
            <subfield code="F">HSG</subfield>
            <subfield code="c">OG</subfield>
            <subfield code="j">PB 3820 -17</subfield>
            <subfield code="z">17 (2005-2006)</subfield>
         </datafield>
         <datafield tag="949" ind1=" " ind2=" ">
            <subfield code="B">IDSSG</subfield>
            <subfield code="F">HSG</subfield>
            <subfield code="c">OG</subfield>
            <subfield code="j">PB 3820 -18</subfield>
            <subfield code="z">18 (2007-2008)</subfield>
         </datafield>
         <datafield tag="949" ind1=" " ind2=" ">
            <subfield code="B">IDSSG</subfield>
            <subfield code="F">HSG</subfield>
            <subfield code="c">OG</subfield>
            <subfield code="j">PB 3820 -19</subfield>
            <subfield code="z">19 (2009-2010)</subfield>
         </datafield>
         <datafield tag="949" ind1=" " ind2=" ">
            <subfield code="B">IDSSG</subfield>
            <subfield code="F">HSG</subfield>
            <subfield code="c">OG</subfield>
            <subfield code="j">PB 3820 -20</subfield>
            <subfield code="z">20 (2011-2013)</subfield>
         </datafield>
         <datafield tag="949" ind1=" " ind2=" ">
            <subfield code="B">IDSSG</subfield>
            <subfield code="F">HSG</subfield>
            <subfield code="c">BURON</subfield>
            <subfield code="j">PB 3820 -1</subfield>
         </datafield>
         <datafield tag="949" ind1=" " ind2=" ">
            <subfield code="B">IDSSG</subfield>
            <subfield code="F">HSG</subfield>
            <subfield code="c">BURON</subfield>
            <subfield code="j">PB 3820 -10</subfield>
         </datafield>
         <datafield tag="949" ind1=" " ind2=" ">
            <subfield code="B">IDSSG</subfield>
            <subfield code="F">HSG</subfield>
            <subfield code="c">BURON</subfield>
            <subfield code="j">PB 3820 -11</subfield>
            <subfield code="z">11 (1993-1994)</subfield>
         </datafield>
         <datafield tag="949" ind1=" " ind2=" ">
            <subfield code="B">IDSSG</subfield>
            <subfield code="F">HSG</subfield>
            <subfield code="c">BURON</subfield>
            <subfield code="j">PB 3820 -2</subfield>
         </datafield>
         <datafield tag="949" ind1=" " ind2=" ">
            <subfield code="B">IDSSG</subfield>
            <subfield code="F">HSG</subfield>
            <subfield code="c">BURON</subfield>
            <subfield code="j">PB 3820 -3</subfield>
         </datafield>
         <datafield tag="949" ind1=" " ind2=" ">
            <subfield code="B">IDSSG</subfield>
            <subfield code="F">HSG</subfield>
            <subfield code="c">BURON</subfield>
            <subfield code="j">PB 3820 -4</subfield>
         </datafield>
         <datafield tag="949" ind1=" " ind2=" ">
            <subfield code="B">IDSSG</subfield>
            <subfield code="F">HSG</subfield>
            <subfield code="c">BURON</subfield>
            <subfield code="j">PB 3820 -5</subfield>
         </datafield>
         <datafield tag="949" ind1=" " ind2=" ">
            <subfield code="B">IDSSG</subfield>
            <subfield code="F">HSG</subfield>
            <subfield code="c">BURON</subfield>
            <subfield code="j">PB 3820 -6</subfield>
         </datafield>
         <datafield tag="949" ind1=" " ind2=" ">
            <subfield code="B">IDSSG</subfield>
            <subfield code="F">HSG</subfield>
            <subfield code="c">BURON</subfield>
            <subfield code="j">PB 3820 -7</subfield>
         </datafield>
         <datafield tag="949" ind1=" " ind2=" ">
            <subfield code="B">IDSSG</subfield>
            <subfield code="F">HSG</subfield>
            <subfield code="c">BURON</subfield>
            <subfield code="j">PB 3820 -8</subfield>
         </datafield>
         <datafield tag="949" ind1=" " ind2=" ">
            <subfield code="B">IDSSG</subfield>
            <subfield code="F">HSG</subfield>
            <subfield code="c">BURON</subfield>
            <subfield code="j">PB 3820 -9</subfield>
            <subfield code="z">9 (1989-1990)</subfield>
         </datafield>
      <datafield tag="949" ind1=" " ind2=" "><subfield code="B">IDSSG</subfield><subfield code="F">HIFF</subfield><subfield code="c">BIB</subfield><subfield code="j">HB 206 01</subfield></datafield></record>